3062 4896
279 369 365 434 suun
647 385 678 432 o.
703 382 820 432 rnrnu
845 381 1010 432 secuunr

280 528 401 610 digitis,
416 545 456 590 ne
466 525 614 607 obliqua,
626 545 666 588 ne
677 526 891 590 translucens.
937 524 1121 608 Virgiliusr
1137 543 1181 589 ex
1194 527 1370 592 cacumine

280 627 377 692 inseri
393 630 492 690 vetat.
538 624 737 709 Certumque
752 633 818 702 est,
834 628 876 689 ab
896 627 1037 690 humeris
1050 626 1064 664 ⁶
1079 629 1246 704 arborum,
1262 631 1371 692 orien-

279 733 343 790 tem
361 726 535 790 aestivum·
556 717 795 806 spectantibus,
812 727 965 790 surculos
981 727 1155 809 petendos,
1170 737 1202 792 et
1217 749 1236 792 c
1249 730 1371 794 feraci·

279 828 352 902 bus,
365 833 398 888 et
417 845 435 888 e
450 829 589 906 germine
605 828 749 902 novello,
765 827 828 891 nisi
842 834 984 892 vetustas
999 828 1108 892 arbori
1125 829 1327 893 inserantur:
1344 831 1370 892 ii

279 927 364 990 enirn
388 927 589 991 robustiores
617 947 691 991 esse
717 928 848 991 debent.
892 927 1058 992 Praeterea
1083 937 1123 993 ut
1147 935 1369 1012 praegnantes,
1420 987 1428 1002 ,

279 1033 341 1094 hoc
355 1038 418 1107 est,
434 1029 672 1111 germinatione
684 1029 715 1076 ⁷²
733 1034 913 1110 turgentes
930 1028 1037 1112 etqui
1053 1048 1166 1110 parere
1180 1030 1238 1092 illo
1254 1048 1369 1111 spera·

279 1133 383 1195 verint
398 1149 494 1195 anno.
538 1131 627 1193 Bimi
655 1131 780 1213 utique,
804 1148 865 1194 nec
891 1130 1054 1193 tenuiores
1077 1130 1181 1210 digito
1203 1130 1369 1193 minimo.⁸

280 1234 476 1298 Inserantur
499 1241 611 1298 autern
630 1239 662 1296 et
679 1234 827 1309 inversi,⁹
849 1253 923 1297 curn
939 1234 974 1296 id
990 1233 1105 1314 agitur,
1120 1239 1154 1297 ut
1168 1234 1274 1296 minor
1290 1235 1369 1298 alti·

279 1335 382 1400 todo'¹
409 1337 442 1398 in
463 1333 672 1398 latitudinem
694 1353 731 1398 se
752 1333 879 1399 fundat.
923 1333 1011 1400 Ante
1034 1335 1144 1399 omnia
1163 1345 1368 1416 gemmantes

278 1437 381 1501 nitere
396 1437 580 1512 conveniet,
594 1436 674 1498 nihil
690 1455 831 1519 usquam
843 1444 869 1474 ¹⁰
891 1437 1075 1500 ulcerosum
1089 1454 1174 1511 esse,
1190 1445 1251 1499 aut
1264 1443 1367 1498 retor-

278 1536 409 1603 ridum.v
453 1538 538 1619 Spei
553 1537 644 1601 lavet
658 1537 804 1600 medulla
820 1537 939 1601 calami
952 1537 1186 1612 commissurae,
1198 1536 1228 1598 si
1243 1535 1279 1598 in
1297 1553 1368 1598 ma·

734 1716 916 1737 ommom

276 1835 322 1884 ier.
334 1832 438 1894 Bipont.
456 1839 485 1881 et
502 1833 591 1882 Frons.
610 1835 720 1883 corticum
737 1835 850 1884 ‹tem-u
868 1835 1007 1894 Certumque
1023 1837 1057 1882 ert
1072 1831 1145 1880 sonnis
1155 1829 1215 1880 Vel.
1225 1829 1365 1880 uates-r

277 1899 321 1947 Its
338 1897 395 1946 cod.
409 1897 500 1945 Deles.
518 1897 579 1946 item
597 1898 656 1947 edd.
676 1898 802 1949 Herduiu.
813 1904 835 1947 l.
848 1902 872 1946 2.
884 1901 908 1945 ³.
918 1898 1014 1946 Miller.
1027 1897 1133 1958 Bipont.
1144 1903 1171 1944 et
1184 1896 1275 1943 Frsns.
1298 1909 1363 1955 gesn-

276 1963 379 2011 snotions
390 1961 503 2010 Gronov.
514 1967 540 2009 et
555 1961 643 2025 vnlgg.
677 1964 750 2024 Mox,
760 1969 784 2012 et
793 1977 849 2026 psus
858 1976 940 2023 parere
952 1961 1011 2010 Ver.
1023 1961 1110 2009 Dslec.
1121 1964 1145 2009 et
1155 1959 1195 2022 qsi
1203 1973 1285 2022 perere
1296 1959 1365 2008 Gro-

277 2039 335 2074 nov.
345 2033 372 2073 et
384 2024 518 2087 vulgg.-8
535 2025 577 2075 Its
588 2025 662 2075 codd.
674 2026 809 2088 Harduini,
821 2026 911 2075 Dalec.
924 2031 951 2074 et
962 2022 1044 2074 Ciriffl.
1057 2039 1114 2072 cunr
1127 2021 1187 2072 cdd.
1200 2022 1326 2072 llsrdoiu.
1338 2029 1365 2072 l.

276 2089 441 2138 saunier.
460 2089 564 2150 Bipout.
581 2097 608 2138 et
620 2091 709 2140 Fraus.
733 2091 801 2140 Bini
810 2091 902 2152 etrusc
916 2089 994 2150 digito
1005 2089 1079 2137 medio
1091 2089 1204 2137 Gronov.
1215 2095 1242 2136 et
1256 2087 1289 2135 sl.
1301 2094 1364 2136 ente

277 2152 452 2202 Hordiis—9
469 2153 529 2202 ‘lta
540 2154 605 2203 bene
616 2153 692 2204 codd.
709 2155 790 2218 Regg.
803 2157 825 2204 1.
836 2158 860 2202 2.
872 2162 898 2202 et
911 2151 998 2202 Editio
1016 2153 1144 2215 princeps.
1171 2152 1241 2200 Msle
1253 2159 1364 2200 receutt.

277 2215 337 2265 edd.
357 2222 381 2265 et
400 2217 522 2265 uniuersi.’
539 2218 650 2267 Brotier.
668 2225 692 2268 et
708 2219 796 2267 insessi
813 2218 926 2268 Gronov.
944 2223 971 2264 et
989 2216 1022 2265 sl.
1042 2225 1102 2265 ente
1114 2215 1301 2265 {tardata-lo
1319 2215 1365 2263 lts

277 2278 361 2329 cutm.
379 2280 440 2328 item
458 2279 517 2329 edd.
536 2281 661 2332 llsrdnin.
673 2287 696 2332 1.
708 2286 732 2332 2.
744 2287 767 2333 8.
779 2281 875 2332 Miller.
887 2288 915 2330 et
923 2280 1030 2344 Bipout.
1056 2279 1116 2330 sibit
1126 2294 1239 2343 respuens
1249 2278 1363 2329 Gronov.

768 2448 873 2498 NOTAE

191 2583 195 2596 .
274 2539 335 2590 inde
346 2552 454 2591 sonsum
469 2549 571 2593 tenuem
584 2541 695 2593 ferreum
708 2545 747 2593 vet
760 2557 799 2593 os·
839 2544 929 2594 videto
947 2549 976 2594 nt
987 2544 1019 2594 sit
1032 2549 1122 2593 terrers
1140 2548 1168 2591 st
1180 2541 1261 2605 ferax,
1275 2542 1361 2593 nodis·

275 2628 345 2665 seunr
357 2617 425 2665 inter
442 2618 565 2668 corticem
583 2626 611 2668 et
622 2619 754 2668 meterisrn
767 2633 798 2668 ne
839 2635 890 2685 qne
901 2619 1015 2668 crebris:
1034 2626 1062 2667 et
1073 2632 1131 2668 cnm
1143 2618 1250 2680 primurn
1268 2617 1361 2680 germi-

274 2689 358 2740 urisns
376 2692 468 2756 digitos
486 2701 548 2755 trss,
572 2693 617 2743 ssd
636 2693 797 2743 considerate
838 2709 871 2743 na
886 2695 1022 2744 tremebunt
1030 2693 1062 2742 de
1071 2692 1175 2741 ramulis
1185 2692 1309 2741 anniculis
1317 2691 1361 2754 qui

274 2765 413 2828 demittite,
425 2782 456 2816 ne
473 2768 552 2817 laedss
568 2777 612 2817 sut
624 2783 726 2832 rnrnpss
741 2784 797 2819 cor·
836 2770 902 2819 Solis
925 2777 1009 2820 ortnrn
1032 2768 1197 2831 spectabunt,
1218 2775 1244 2815 et
1266 2767 1361 2828 integri

273 2841 371 2902 tieem,’
393 2847 441 2891 dec.
476 2844 511 2892 Et
527 2859 600 2892 mos:
619 2845 662 2893 *st
676 2846 795 2909 pusillam
836 2853 922 2908 erunt,
941 2859 986 2893 eos
1006 2845 1083 2907 legito
1099 2841 1268 2891 crassitudine
1286 2841 1361 2905 digiti

272 2917 390 2966 arborem
398 2919 511 2968 inserere
524 2921 601 2976 retes,
609 2921 683 2968 irnsnr
697 2922 796 2970 sbscin-
837 2919 952 2980 minimi,‘
964 2923 1013 2968 dre.
1048 2919 1082 2967 Et
1096 2918 1163 2966 libro
1174 2917 1206 2964 de
1217 2914 1360 2972 arboribus,

272 2993 364 3042 dito..
379 3027 403 3043 ..
417 3002 443 3044 et
455 2995 566 3044 medinm
585 3004 702 3046 trnuenrn
719 3005 796 3047 scoto
837 3010 860 3046 c.
869 3001 909 3046 20.
925 2997 1042 3046 ‘Seruius
1052 2997 1072 3044 si
1084 2994 1254 3044 exsrbnribos
1266 3008 1360 3057 sumes,

272 3071 396 3134 scslpelto
419 3071 568 3135 permodice
589 3073 692 3130 tiodito,
709 3074 745 3123 its
766 3081 796 3123 ut
836 3071 911 3121 detis
924 3069 1195 3135 purissimumsomito,
1213 3082 1268 3132 qrrrs
1279 3070 1360 3118 omni·

208 3149 210 3155 ’
270 3144 361 3198 fissors
388 3147 526 3210 digitorum
548 3147 624 3197 trium
647 3149 723 3200 sitin
746 3148 795 3205 es,'
835 3148 881 3196 bos
911 3149 983 3197 annis
1004 3147 1084 3196 bonos
1107 3152 1135 3195 et
1160 3145 1250 3194 uberes
1271 3143 1361 3196 lerunt

271 3223 322 3271 dec.
834 3220 944 3273 fructos.
963 3221 1123 3272 observabis
1133 3227 1218 3270 autern
1226 3220 1259 3270 sb
1270 3219 1360 3270 boore·

302 3305 313 3331 ¹
332 3299 461 3362 Virgilius]
481 3300 550 3350 linco
567 3316 625 3351 mox
638 3303 725 3361 allato,
736 3316 792 3351 curn
833 3299 876 3354 ris,
888 3299 930 3362 qui
943 3304 1002 3348 sunt
1016 3306 1107 3348 contra
1123 3295 1208 3344 Solem
1223 3295 1359 3351 orientem,

270 3377 373 3440 plantas
385 3376 466 3424 solnm
475 3375 575 3426 feraces
585 3378 609 3426 in
620 3379 664 3428 bos
677 3393 737 3428 usus
749 3379 792 3428 sd·
834 3383 863 3424 ut
875 3375 977 3424 eosdem
986 3370 1129 3434 decerpes!

269 3451 449 3515 hiberijossit:
468 3453 557 3516 qrrsles
568 3451 621 3502 t'sre
635 3456 729 3504 surculi
743 3470 792 3505 non
870 3452 877 3483 ¹
891 3451 944 3500 Hoc
955 3455 1001 3512 est,
1010 3445 1196 3510 germinatione]
1209 3447 1251 3495 De
1263 3447 1359 3508 germi-

270 3534 338 3589 sunt,
350 3527 391 3588 qrri
407 3541 531 3576 cacumen
544 3527 671 3586 obtinent,
693 3530 737 3580 ssd
748 3531 793 3595 qni
832 3525 934 3576 ustione
953 3540 984 3574 es
1006 3523 1101 3572 dictnrn
1118 3520 1220 3569 abunde
1240 3529 1282 3570 est
1298 3536 1359 3572 xer.

268 3602 387 3652 barneres
405 3602 500 3665 potios,
511 3617 556 3652 sen
566 3605 649 3653 medis
665 3606 792 3656 arborum.
833 3605 1008 3652 1111119111.
1037 3598 1104 3647 Vide
1117 3597 1199 3647 Notas
1211 3608 1238 3648 et
1247 3599 1356 3648 Emend.

267 3675 467 3726 suentense
486 3676 579 3727 Arbor.
596 3693 620 3728 c.
631 3683 654 3729 1.
673 3679 705 3728 sd
726 3682 791 3730 vites
833 3679 951 3724 nnm.2⁰.

268 3751 390 3802 serendos
401 3751 499 3800 semina
510 3753 547 3802 nit
563 3753 659 3816 optima
671 3752 759 3803 haberi
776 3770 791 3803 s
864 3759 875 3784 ¹¹
896 3752 929 3800 Ut
940 3751 1016 3800 minor
1031 3749 1142 3814 altitudo]
1160 3749 1198 3796 Ut
1216 3747 1297 3796 instar
1309 3763 1357 3810 pn·

267 3827 369 3890 lumbis,
390 3827 502 3877 secunde
521 3829 553 3877 sb
574 3829 694 3893 humeris,
716 3831 791 3880 tertia
832 3828 949 3877 rnilsrnnr
961 3829 1079 3877 orborum
1097 3825 1205 3874 humiles
1220 3823 1318 3884 sinbet
1330 3824 1355 3872 iu

267 3917 363 3952 somena
384 3905 410 3952 in
431 3905 483 3954 rite
499 3906 644 3970 lectaque
665 3905 790 3956 feraciores
831 3903 991 3952 latitudinem
1018 3917 1045 3950 se
1066 3901 1184 3960 t’uodsnt,
1201 3897 1295 3947 inversi
1316 3912 1356 3948 so·

267 3977 379 4040 quidem,
391 3977 436 4027 ssd
442 3979 561 4028 celeriter
572 3989 717 4029 senescunt.
829 3987 921 4029 rentur
935 3980 1036 4034 enisuri,
1053 3979 1089 4027 its
1100 3987 1129 4025 nt
1141 3989 1201 4038 pars
1213 3976 1313 4024 acutior
1325 3977 1352 4024 in

264 4071 266 4076 v
298 4057 307 4081 ⁸
334 4053 455 4102 Orientem
470 4054 588 4117 estimes]
617 4056 718 4110 Colum.
740 4059 789 4107 loc.
829 4062 947 4105 truncum
964 4056 1133 4114 immittatnr3
1151 4058 1276 4112 esteten,
1295 4065 1354 4114 que

266 4123 310 4174 clt·
326 4133 333 4152 ¹
347 4127 385 4174 Er
400 4141 451 4192 qus
466 4129 556 4180 arbore
576 4131 688 4180 inserere
709 4133 788 4188 voles.
827 4132 943 4180 crassior.
1168 4139 1176 4150 '
1265 4141 1269 4152 ⁴

221 4259 226 4269 ¹
265 4203 788 4268 stsurculossdinsitionsmsumturuses,
858 4207 1044 4272 vRstorrs'duru]
1063 4207 1122 4258 Nou
1139 4205 1211 4270 sote,
1222 4205 1261 4254 vel
1275 4209 1355 4270 nster,
