3166 4894
512 417 598 467 uer.
621 417 721 468 nisu.
744 419 817 468 mn.
839 419 939 468 xvrr.
958 405 991 469 2.
1208 406 1295 472 2645

206 559 361 624 creditur.
405 559 496 639 Quin
518 562 619 625 immo
633 562 662 624 si
675 561 785 644 plures
800 563 849 626 ite
863 561 1076 625 continentur
1090 561 1179 640 unni,
1193 561 1294 627 etiarn

207 659 294 742 ipseo
309 659 488 724 morientur
498 660 659 737 arbores,⁶
671 661 805 745 quando
818 662 941 726 nemini
951 669 965 696 ¹¹
979 660 1192 744 dubiepoeno
1203 665 1295 727 estin

207 760 317 824 feme⁷
329 762 554 840 laborantium.
599 762 686 844 Ergo
701 765 757 845 qui
768 763 876 827 dixit⁰
888 763 1022 846 hyemes
1031 782 1163 827 serenes
1178 771 1296 846 optun-

209 860 284 940 das,
298 881 366 926 non
385 881 444 945 pro
467 864 663 927 arboribusp
683 869 762 927 voto
781 864 870 928 fecit.
916 862 989 928 Nec
1003 884 1062 946 per
1077 864 1220 929 solstitio
1235 866 1297 930 inr-

208 964 284 1028 bres
304 964 428 1028 vitibus
449 965 647 1029 conducunt·
691 965 850 1048 Hybemo
870 963 1029 1047 quidenr‘¹
1052 967 1188 1049 pulvere
1210 966 1297 1030 lueti-

210 1085 284 1129 oree
298 1065 368 1130 fieri
383 1085 523 1143 messes,
538 1067 739 1130 luxuriantis
748 1073 759 1100 l
769 1067 891 1147 ingenii
905 1066 1071 1130 fertilitate
1085 1067 1207 1131 dictum
1221 1066 1297 1132 est.8

209 1165 367 1249 Alioqui⁹
393 1171 472 1230 vote
492 1167 643 1231 arborum
668 1167 861 1250 frugumque
883 1167 1073 1232 communio
1096 1174 1181 1247 sunt,
1206 1170 1297 1232 nives
1384 1191 1389 1198 ·

210 1266 355 1352 diutinus
371 1268 526 1332 sedero.¹⁰
569 1265 692 1344 Consu,
709 1286 776 1330 non
795 1270 903 1333 solum
924 1269 1005 1352 quia
1024 1271 1167 1333 enimam
1185 1275 1299 1334 terroe·

211 1375 459 1433 evanescentem
475 1369 682 1433 exhalatione
705 1369 877 1448 includunt
894 1375 929 1434 et
951 1371 1184 1454 comprimuni,
1198 1373 1305 1436 fetro-¹

210 1487 274 1551 que
288 1482 391 1550 agunt
413 1472 447 1533 in
462 1472 552 1536 vires
573 1470 704 1552 frugum
725 1463 825 1554 etque
851 1470 1002 1536 radices:
1029 1493 1141 1537 verum
1162 1473 1252 1556 quod
1266 1481 1300 1539 et

208 1567 371 1652 liquorem
383 1572 506 1636 sensim
520 1573 682 1656 prebent,
693 1591 810 1655 purum
824 1579 984 1655 preterea
993 1575 1299 1658 levissimumque,¹¹

658 1769 845 1794 OOOWO

211 1895 341 1948 lietduini
353 1906 380 1947 et
392 1897 475 1949 Chiffl.
487 1913 544 1949 eum
562 1898 622 1950 edd.
638 1900 767 1951 llarduln.
779 1906 802 1951 1.
810 1906 835 1953 2.
846 1907 870 1953 8.
882 1909 910 1953 et
921 1911 1032 1953 receutt.
1059 1903 1192 1953 morientur
1206 1903 1302 1954 artum

210 1961 359 2013 Grannum
367 1963 426 2013 edd.
435 1966 612 2014 veru-inter
629 1967 711 2016 oedd.
719 1966 841 2018 Delec.et
850 1967 964 2017 Gronov.
972 1969 1098 2028 immet
1107 1967 1213 2018 bifereur
1222 1969 1301 2018 ritem

211 2026 326 2090 iuuenem
344 2036 419 2077 vocet
436 2041 494 2076 xur.
505 2033 594 2077 boeti
611 1981 632 2078 ἓ

211 2089 351 2154 utruque
360 2092 417 2143 cod.
428 2093 583 2143 Doleo-lt)
594 2095 686 2144 Delec.
697 2095 871 2147 inridere-il
884 2097 944 2147 vet.
955 2097 1043 2146 Delec.
1052 2111 1136 2160 penu
1143 2101 1302 2160 pratumque

702 2254 808 2308 NO'l'AE

211 2367 250 2417 uir
261 2367 341 2416 omnir
353 2367 471 2418 urbomur
483 2369 656 2420 exhaurietur.
776 2369 933 2433 egrieultnre
968 2369 1147 2434 praetueretr
1175 2364 1302 2431 llyberue

220 2459 224 2464 ·
241 2450 254 2476 ¹¹
272 2444 372 2499 Quuudo
388 2443 487 2506 nemim]
508 2445 617 2495 Quendo
631 2444 736 2495 drubium
775 2445 893 2507 pulvere,
912 2457 992 2493 verno
1015 2445 1079 2504 luto,
1104 2441 1211 2507 greudle
1232 2440 1302 2492 ferre

210 2519 304 2566 nemini
321 2527 369 2578 eut,
381 2519 443 2582 quin
462 2517 618 2570 defatiscunt
635 2535 668 2571 ee
679 2530 736 2571 ten·
776 2519 876 2569 metee.'
912 2521 945 2569 Et
954 2519 1103 2570 Macrobioe
1111 2519 1215 2568 Seturn.
1227 2531 1253 2567 v.
1261 2523 1302 2569 2⁰.

212 2593 280 2649 dem.
292 2607 349 2658 que
361 2594 386 2641 in
399 2593 486 2643 labore
499 2604 605 2643 careant
617 2596 737 2657 uetureli,
775 2609 802 2658 p·
823 2599 880 2644 old.
906 2597 914 2623 ⁸
928 2594 960 2644 ln
982 2594 1047 2644 libro
1070 2593 1302 2645 retnrtierlmonrm

210 2667 339 2729 similini,
350 2677 377 2716 et
389 2678 493 2718 uerueto
506 2670 574 2719 cibo.
608 2669 685 2719 Cibue
695 2685 739 2719 en·
777 2669 937 2730 carminum,'
956 2669 1050 2732 inquit,
1064 2669 1126 2732 ‘qni
1136 2675 1196 2717 ente
1208 2668 1303 2731 omniu,

213 2751 265 2794 tem
277 2743 395 2792 erbetum
408 2743 491 2793 imber
497 2751 546 2792 eet.
776 2760 833 2809 quie
846 2759 862 2794 e
874 2744 974 2794 Letiuir
988 2744 1085 2806 scripte
1097 2749 1167 2802 eunt,
1176 2744 1303 2804 componi·

215 2831 220 2840 ·
244 2831 256 2855 ⁰
275 2822 392 2884 firgequi
408 2821 484 2883 dixit]
511 2821 740 2884 Virgiliumuotut,
777 2811 1303 2882 tueserenumqtnienttmtrocmutieum

212 2897 250 2946 ite
261 2905 405 2960 eeuentem,
417 2896 514 2959 ueorg.
526 2910 546 2945 r.
557 2901 612 2946 roo.
627 2897 635 2923 ‘
648 2897 740 2946 Humi·
776 2903 849 2945 vetur
870 2895 1015 2944 canticum:
1042 2893 1166 2956 Hyberuo
1186 2893 1302 2955 pulvere,

213 2971 246 3020 de
259 2972 466 3034 retinueruntque
478 2971 581 3034 hyemen
593 2979 682 3034 optate
698 2987 739 3020 ee·
776 2987 855 3022 uerno
874 2973 939 3036 luto,
959 2971 1067 3035 grandin
1087 2968 1167 3033 ferre,
1184 2970 1301 3035 camille,

213 3061 299 3109 renue,
312 3048 440 3110 Agricola
453 3061 460 3094 z
481 3047 596 3110 hyberno
607 3047 740 3100 letissime
776 3047 876 3097 meteu'

213 3122 416 3189 pulvensim!
729 3141 730 3146 ¹
808 3124 1006 3188 remeato]
1023 3123 1302 3188 Nonutiqueverudi·

216 3230 220 3240 t
245 3208 258 3242 n
276 3199 330 3248 Noe
340 3215 383 3263 pro
393 3198 525 3261 mdorilme]
540 3198 607 3247 Seue
617 3215 624 3248 ι
636 3200 680 3248 eed
691 3213 737 3263 pro
777 3199 870 3255 centio,
880 3200 902 3249 ei
914 3199 1007 3264 ubique
1025 3199 1228 3263 prrlverulentem
1241 3199 1303 3262 hye-

214 3274 293 3336 ferre,
303 3290 334 3325 ec
345 3274 470 3338 frugibus.
512 3277 578 3324 Nem
591 3275 623 3323 de
641 3276 738 3326 erbori·
778 3289 845 3323 mem
871 3272 1002 3336 segetium
1029 3273 1168 3336 optendunt
1193 3274 1303 3337 preterit.

633 2029 675 2078 od.
693 2030 784 2093 Delee,
793 2031 1115 2095 flerimeemleeurieuiee,
1125 2033 1214 2081 dictem
1224 2036 1301 2082 ιιι-
1401 2073 1405 2081 .

214 3351 262 3401 lim
284 3352 349 3400 libro
372 3361 471 3401 tentum
491 3350 677 3412 Georgicorum
698 3366 739 3401 ee·
778 3349 871 3400 Gallie.
883 3357 955 3399 certe
972 3348 1136 3412 plurimisque
1154 3347 1224 3397 orbie
1236 3349 1304 3412 regi·
1391 3345 1397 3354 '

214 3425 302 3489 quenti
323 3425 398 3474 Mero
416 3427 478 3488 egit.
491 3434 518 3473 ut
529 3425 609 3486 iunior
621 3427 738 3475 eermiuir
778 3424 869 3474 onibue
881 3433 920 3472 ent
930 3423 955 3471 id
967 3438 982 3472 e
992 3437 1019 3472 re
1031 3424 1257 3486 eqruriernexime,
1265 3431 1303 3482 ut,

215 3499 484 3564 principieindleeut:
503 3499 739 3552 ‘llectenurervo-
778 3500 990 3565 quemadmodum
1010 3499 1112 3548 Pliniue
1131 3500 1176 3561 uit,
1196 3501 1302 3549 diutine

216 3589 272 3626 rum
293 3576 378 3625 cultor
404 3585 431 3626 et
453 3577 540 3627 eirlere
562 3578 638 3626 eoeii:
661 3577 739 3628 Nune
778 3577 850 3624 niver
872 3573 989 3625 redeant.
1024 3575 1125 3625 Nutriri
1142 3574 1302 3624 hocniriuui

216 3652 376 3713 tefBecche,
387 3665 485 3714 cenem,
496 3667 594 3703 necnon
604 3654 741 3717 eylveetriu
779 3652 877 3716 frigore
894 3652 1086 3715 repercutiente
1108 3651 1204 3700 nemine
1225 3660 1303 3699 terrie

216 3732 300 3776 tecum
310 3727 438 3790 virgula,
449 3735 476 3776 et
487 3729 583 3790 prolem
593 3728 664 3776 turde
673 3743 741 3776 cree-
780 3730 923 3793 comminue,
931 3737 1071 3792 eguoecunt
1081 3735 1109 3777 et
1118 3727 1235 3789 agricole
1244 3741 1303 3776 noe·

147 3825 151 3830 ·
217 3800 402 3854 centieolive.'
435 3801 546 3851 Plinium
558 3802 669 3852 hocloco
681 3817 741 3852 uon·
781 3807 868 3855 triret
880 3819 912 3854 ex
924 3805 1018 3854 nivium
1030 3801 1213 3868 copiefutoree
1229 3802 1303 3852 letne

216 3878 280 3927 nulli
291 3874 490 3940 reprehendunt,
509 3891 539 3925 ec
554 3877 685 3940 Virgilium
695 3878 740 3927 eli·
780 3889 877 3930 inerret
889 3879 1055 3942 uraeeegiunt.

217 3961 259 4004 ter
268 3955 480 4016 interpretentur,
491 3967 553 4016 quoe
566 3959 594 4002 tu
606 3953 664 4001 vide
673 3955 741 4018 eprrd
811 3961 821 3987 ⁸
838 3943 948 4003 Arnim
958 3953 1040 4015 terre]
1062 3952 1188 4000 Terrenoe
1200 3950 1304 4016 belliue,

218 4029 370 4092 Lucerdern,
382 4029 408 4077 in
420 4027 518 4091 Georg.
528 4042 548 4077 1.
561 4033 616 4078 lud.
628 4044 654 4093 p.
667 4034 724 4080 21⁸.
781 4031 824 4096 qui
834 4028 963 4079 redieilrue
980 4035 1007 4076 et
1024 4025 1141 4077 fovendis
1151 4035 1179 4077 et
1191 4029 1304 4080 nntriee·
1374 4062 1384 4080 .

221 4129 225 4138 ·
250 4105 393 4170 illudentur
416 4102 520 4167 quidem]
544 4105 643 4161 Fertne,
662 4107 741 4156 verbo
781 4105 820 4156 dir
832 4111 956 4168 prosunt:
978 4103 1063 4167 lteque
1074 4103 1186 4154 celerem
1198 4105 1301 4156 conclu·

219 4180 377 4232 ‘Flaminius
386 4178 405 4228 :'
418 4181 426 4207 ⁸
439 4179 576 4244 Hubetur,’
592 4179 686 4245 inquit,
697 4181 741 4231 ‘iu
781 4183 845 4234 dene
855 4182 899 4232 nix
909 4178 998 4245 coquit
1006 4192 1104 4233 ervum.

219 4259 325 4323 antiqno
338 4255 461 4322 eermiue,
476 4270 535 4307 cum
553 4263 627 4320 peter
637 4257 691 4308 filio
708 4257 741 4307 de
