3156 4886
297 402 383 472 284⁰
661 419 694 465 c.
719 415 836 464 norun
862 409 1023 464 snousnr

299 564 357 628 sed
373 563 407 626 in
422 559 564 639 arbore)¹
586 577 685 644 quarn
709 561 744 624 in
765 538 860 643 jugo,
886 560 993 623 minus
1009 553 1178 622 obnoxia.i
1220 553 1387 622 Gemella·

297 662 392 743 rnmfl'
415 664 537 748 quibus
562 662 625 726 hoc
649 679 769 727 nomen
783 679 860 726 uvae
876 679 1008 743 semper
1023 661 1163 741 gominae
1186 657 1319 736 dedere,
1333 679 1389 723 as-

296 766 458 851 perrimus
474 783 585 848 sapor,
601 764 660 828 sed
676 765 763 828 vires
784 763 975 846 praecipuae.
1018 760 1073 825 Ex
1097 761 1139 824 iis
1152 759 1258 825 minor
1272 765 1387 825 austro

296 867 440 943 leeditur,
455 867 575 930 ceteris
589 867 698 929 ventis
719 865 828 943 alitur,
843 873 881 930 ut
894 866 928 929 in
948 863 1101 928 Vesuvio
1116 867 1239 939 monte,
1254 862 1389 926 Surren-

297 969 444 1050 tinisque
455 967 611 1030 collibus.
655 965 696 1029 In
712 965 849 1047 reliquis
865 965 976 1030 ltalioe
992 964 1142 1048 partibus
1163 981 1228 1026 non
1248 963 1313 1025 nisi
1334 981 1389 1025 ar·

297 1069 372 1134 buri
385 1069 668 1133 accommodata!
711 1063 897 1144 Quintum*
920 1083 1025 1148 genus
1049 1065 1185 1141 lanatae,
1208 1082 1252 1126 ne
1267 1063 1388 1127 Seras⁵

298 1164 471 1244 miremur,l
493 1175 551 1232 aut
570 1167 689 1246 Indue,
715 1166 800 1231 adeo
824 1166 949 1249 lanugo
975 1184 1048 1231 uam
1073 1166 1192 1229 vestit:
1213 1163 1321 1247 prima
1343 1181 1388 1228 ex

301 1269 450 1334 Amineis
465 1269 673 1345 maturescit,
688 1268 920 1351 ocyssinreqna
933 1266 1106 1350 putrescit.

341 1371 501 1435 Proxima
512 1379 532 1406 ¹¹¹
549 1367 697 1451 ¹dignitas
714 1367 936 1432 Nomentanis
958 1368 1093 1433 rubente
1106 1365 1286 1432 materiati
1306 1382 1389 1448 qua·
1426 1419 1428 1424 ,

331 1581 344 1605 ·
361 1573 463 1620 Nonnisi
474 1577 501 1621 ut
511 1573 609 1620 crustat
618 1571 723 1620 crimen
732 1570 790 1620 citis
798 1585 827 1621 eu
836 1570 920 1620 tuom
930 1575 974 1620 est.

332 1635 343 1668 ⁶
359 1636 437 1698 bigne
448 1638 485 1686 uel
495 1640 612 1684 tormento
623 1636 726 1684 rutente.

300 1944 487 2008 Dnlecsmpius
495 1944 569 2007 legit,
577 1944 654 2007 orire,
661 1943 742 1993 melius
753 1943 942 2007 deflorescit-tt
953 1942 1012 1992 ‘ltu
1020 1941 1086 1991 bene
1097 1939 1173 1991 codd.
1183 1939 1275 2005 Regu!
1284 1941 1392 1992 Brotier.

791 2103 897 2156 NOTAE

300 2211 391 2251 ventos
414 2200 506 2251 fortius
526 2203 640 2266 pstitnrz
667 2216 726 2251 num
747 2204 829 2266 major
866 2200 1131 2264 incumbuntque
1159 2199 1208 2248 lroc
1236 2196 1392 2248 vocubulum

300 2277 421 2328 celeriter
433 2279 459 2325 iu
470 2275 534 2326 tiore
544 2279 728 2340 corrumpitur,
736 2283 764 2326 et
775 2290 828 2325 ms·
866 2290 916 2326 non
928 2277 986 2326 ideo
998 2283 1114 2340 usurpat,
1123 2275 1191 2340 qnod
1203 2276 1259 2323 suls
1269 2287 1302 2322 ex
1311 2273 1393 2322 omni·

299 2353 338 2416 gis
349 2351 374 2400 in
385 2352 465 2415 jugis,
478 2367 552 2415 quum
565 2353 590 2400 iu
603 2351 754 2402 arboribus!
866 2350 914 2400 but
926 2350 1048 2405 Amineis.
1067 2363 1154 2399 seram
1174 2349 1243 2414 qnod
1262 2348 1393 2412 precipue

332 2426 344 2460 ¹¹
361 2427 410 2476 Sed
420 2427 446 2474 is
456 2425 550 2489 arbore]
563 2427 628 2478 Cum
641 2426 746 2476 arbores
759 2441 831 2474 scsn·
866 2427 981 2477 canescit
999 2425 1128 2490 lanugine.
1168 2425 1236 2474 Sene
1255 2423 1315 2473 boni
1330 2423 1393 2485 sini,

300 2501 346 2552 dtr.
379 2504 462 2554 Qttam
483 2504 509 2551 ln
521 2503 585 2566 jugo
606 2504 714 2566 posituro
733 2503 828 2559 Latini,
867 2502 1037 2566 sedlsvioris,
1051 2515 1126 2566 quern
1145 2501 1297 2564 superiores.
1330 2499 1394 2548 Cre·

299 2578 368 2626 Gslli
380 2585 482 2640 vocent,
492 2593 521 2626 ea
532 2579 618 2628 treille.
643 2579 742 2642 Jugsts
754 2579 845 2632 uiues.
865 2577 937 2628 brem
949 2591 1051 2641 qnoque
1062 2575 1194 2625 materiam
1210 2572 1393 2636 insiliuntque

299 2653 830 2718 ‹lictaestssimilitudinemilitarisjugi,
866 2651 926 2701 ideo
954 2659 1063 2716 propter
1092 2650 1207 2714 pampini
1239 2648 1394 2697 densitatem

300 2727 367 2791 qnod
380 2728 416 2776 its
426 2725 516 2790 tiebat,
528 2736 567 2784 ut,
580 2728 680 2778 duabus
690 2727 782 2778 defixis
802 2731 828 2778 lu
866 2743 937 2793 sepe
948 2743 1038 2793 purum
1049 2725 1394 2788 rectesletlorcscir,estlem-

299 2810 396 2852 terrum
407 2803 498 2867 hastis,
509 2805 589 2854 tertia
600 2806 811 2869 superttgsratm.
866 2819 917 2869 que
937 2811 1037 2853 maturo
1053 2801 1141 2852 fructu
1161 2802 1281 2851 celeriter
1292 2807 1395 2863 putres·

329 2877 432 2926 *mrsu
442 2877 555 2938 ebrach]
568 2880 705 2935 Imbribus,
718 2887 829 2944 tempes-
866 2877 921 2928 cit!
956 2877 1033 2941 Apud
1052 2874 1147 2926 isidor.
1163 2877 1213 2925 loc.
1230 2875 1275 2925 cit.
1292 2874 1394 2936 lausus

297 2950 456 3015 ritibusque.
866 2957 1007 3020 proluunt«
1022 2969 1156 3018 perpetum
1168 2951 1298 3001 scribitur.

330 3025 340 3069 l
355 3026 528 3091 Gemellorum]
548 3027 583 3076 Et
599 3029 654 3077 linc
671 3041 782 3093 qnoque,
799 3035 829 3078 ut
900 3030 906 3064 ¹
924 3023 1048 3080 Ne'Serus
1056 3029 1181 3092 nircum]
1199 3027 1314 3079 Quorum
1330 3023 1395 3074 lani·

299 3102 734 3164 germsnae,bilsrismdividuntur:
747 3106 830 3154 ultera
867 3119 941 3168 geras
960 3105 1064 3154 arbores
1083 3103 1168 3153 mlrnti
1188 3115 1274 3150 sumus
1296 3113 1334 3150 rr.
1353 3101 1394 3150 2⁰.

299 3175 367 3225 enim
378 3176 468 3240 major,
475 3179 557 3226 ruinor
565 3179 656 3228 alters.
675 3178 829 3240 Columella,
867 3179 991 3228 ludorum
1003 3183 1104 3228 xintl.
1373 3229 1376 3235 ,

298 3265 325 3317 p.
337 3255 377 3302 86.
393 3253 401 3280 ‘
414 3253 514 3302 Verum
527 3265 557 3304 et
573 3257 629 3305 slis
642 3255 699 3304 durs
711 3255 829 3319 gemine,
899 3261 917 3286 ¹²
934 3253 1062 3317 Proxime]
1080 3253 1115 3302 Et
1128 3253 1184 3302 truc
1200 3259 1306 3316 accepts
1318 3265 1332 3300 s
1344 3251 1395 3300 Co·
1465 3260 1471 3270 ·

298 3343 357 3393 qnae
375 3331 407 3378 sb
426 3343 457 3378 eo
473 3331 540 3393 quod
558 3329 676 3393 duplices
696 3345 758 3378 uvas
776 3330 829 3377 exi·
847 3331 980 3402 jumella,
995 3331 1046 3380 loc.
1061 3329 1106 3378 cit.
1131 3329 1322 3379 ‘Nomentanus
1341 3327 1397 3375 vini

298 3409 371 3463 gunt,
383 3400 509 3453 Gemcliae
528 3413 662 3461 vocantur,
680 3405 828 3454 atteteriorit
867 3405 1002 3455 nobilitste
1014 3405 1202 3468 subsequuntur
1212 3400 1397 3458 uniusaure-

297 3476 415 3538 vini,sed
428 3491 501 3541 uque
512 3480 641 3541 perennis.
674 3481 770 3528 Earum
782 3481 828 3528 mi·
867 3479 1397 3543 cunditsteverostiampavoninum...

297 3561 346 3598 nor
356 3550 433 3613 vulgo
445 3553 592 3604 notissima:
609 3555 706 3618 quippe
718 3555 829 3618 Cemps-
866 3555 917 3604 Sed
930 3569 1017 3605 esrum
1030 3569 1132 3619 qtroque
1142 3553 1256 3603 feracior
1265 3561 1292 3602 et
1302 3553 1396 3614 minor,

297 3625 348 3674 uin
361 3625 544 3676 celeberrimos
553 3628 660 3678 Vesuuii
672 3627 829 3692 colles‚sur·
867 3631 941 3693 cnjus
959 3637 987 3679 et
1006 3630 1095 3678 folium
1108 3629 1209 3692 parcius
1221 3627 1355 3682 scinditur.
1367 3635 1397 3676 et

296 3701 466 3763 sentiumque
496 3703 584 3751 vestit.
630 3703 728 3753 llilsrls
760 3705 829 3752 inter
866 3705 975 3756 materis
985 3719 1036 3754 non
1048 3705 1086 3753 its
1097 3703 1181 3767 rubet,
1193 3713 1222 3753 ut
1233 3696 1364 3754 Amineis:
1380 3719 1397 3752 s

297 3776 401 3824 uestitus
414 3775 522 3824 Feronii
534 3773 626 3825 fletus:
645 3774 747 3826 Austris
766 3775 828 3826 ant·
866 3795 917 3844 quo
928 3781 1014 3830 colore
1033 3779 1178 3829 rubelliunre
1194 3786 1394 3842 nttnenpsntnr:

296 3850 374 3910 gitur.
401 3850 503 3901 Ceteris
515 3849 602 3915 itaque
614 3849 730 3914 pertibus
742 3851 827 3902 ltslisa
865 3855 1016 3919 cedamque
1031 3854 1149 3915 lectule,
1159 3855 1227 3918 quod
1245 3855 1302 3917 plus
1319 3868 1395 3918 quum

297 3937 347 3972 nou
370 3931 421 3974 tum
446 3927 529 3976 uineis
553 3941 629 3991 qnam
656 3925 761 3976 arbusto
788 3935 828 3978 est
865 3926 1200 3992 ceterae‚iuclssffernnt.’
1230 3931 1395 3980 Nomentsos

298 3995 408 4053 idones.’
421 4005 470 4049 err.
504 4001 626 4050 Meminit
643 4001 730 4049 lterum
748 4003 826 4051 etiam
865 4019 915 4052 uva
930 4005 1050 4053 landatur
1064 4020 1080 4053 s
1096 4005 1235 4056 lliscroblo
1246 4005 1349 4055 Sslurn.
1362 4019 1395 4054 rt.

205 4127 206 4132 ¹
298 4069 619 4138 isidorusOrig.xvrr.5.
865 4083 905 4128 16.
917 4095 942 4143 p.
954 4083 1010 4129 879.
1045 4079 1395 4144 ANomentoltsliaeoppi·

329 4142 480 4210 ’‘Quintum]
491 4151 632 4200 Columella
643 4153 744 4202 loc-eit.
761 4155 826 4202 ‘lm-
863 4155 898 4204 do
914 4169 1006 4204 nomeu
1024 4155 1112 4214 habet,
1122 4155 1154 4204 de
1167 4169 1218 4218 quo
1229 4160 1304 4205 rrr.ll.
1339 4155 1395 4204 Nc-

297 4225 743 4288 nutstnquoqnellmiueamquidum
755 4241 825 4276 urn·
863 4239 993 4279 mcutsun
1023 4231 1111 4279 similis
1143 4232 1291 4281 Veientano
1324 4237 1394 4280 teste
