3174 4900
519 387 607 438 utu.
631 387 732 438 urso.
758 389 830 436 nra.
855 372 1014 438 nundi.
1231 375 1321 450 idid

217 532 316 598 nodis
328 531 495 608 distincta,
508 529 574 594 leui
589 529 725 614 fastigio
741 536 893 598 tenuntur
905 531 940 596 in
949 533 1140 612 eacumina,
1151 535 1319 600 crassiora

217 633 383 719 punioulne
396 641 415 668 '
437 652 545 709 soma,
569 645 681 716 neque
697 632 761 698 ltao
788 651 1014 716 superuacua.
1058 634 1130 702 Aut
1152 636 1238 700 enim
1256 655 1319 719 pro

219 736 359 818 plumal
381 739 485 802 strata
499 752 728 816 cauponarum
743 734 871 819 replet:
894 742 952 801 unt
971 736 1030 800 ubi
1055 735 1234 818 lignosiore
1249 739 1319 804 oul-

218 841 254 904 lo
265 845 301 885 ⁷¹
322 835 479 913 induruit,
495 836 583 905 siout
596 833 630 900 in
644 835 775 918 Belgis,
785 840 940 908 contusa,
956 837 1166 920 etinterjeotu
1181 839 1318 906 navium

184 999 189 1008 .
219 938 457 1014 commissuris,
479 937 670 1004 ferruminnt
688 943 826 1014 textas:
841 937 968 1019 glutino
985 939 1145 1014 tenacior,
1162 937 1319 1022 rimisque

218 1039 395 1123 explendis
411 1039 542 1106 fidelior
556 1041 642 1124 pice.
765 1095 768 1104 .
1314 1080 1317 1096 ⁶

267 1155 356 1208 oxu.
379 1141 533 1207 Calamis>
544 1139 690 1207 Orientis
706 1141 831 1224 populi
848 1142 936 1206 bella
959 1141 1158 1208 conficiunt:
1180 1143 1321 1210 adamis

221 1244 354 1326 spinula
376 1243 502 1308 addunt
521 1242 733 1308 irrevocabili
755 1241 856 1310 harno
882 1245 997 1308 nortia
1042 1242 1321 1310 Monenacoele

221 1351 295 1410 runt
309 1345 431 1428 piuua¹
455 1344 570 1410 addita
585 1344 738 1410 calamis.
781 1345 904 1429 Fitque
919 1351 954 1410 et
967 1365 1010 1410 ex
1026 1347 1103 1429 ipso
1112 1347 1215 1410 telum
1229 1346 1319 1412 uliud

221 1447 330 1512 fraoto
344 1447 376 1512 in
394 1447 605 1516 ¹vulneribus.
649 1447 718 1512 His
740 1448 840 1512 armis
856 1448 968 1512 Solem
985 1447 1097 1530 ipsum
1112 1447 1319 1512 obumbrant.

223 1547 366 1632 Propter
388 1549 452 1614 boc
467 1550 612 1616 maxime
626 1561 763 1634 serenos
779 1549 850 1613 nies
866 1554 1001 1633 optant:
1024 1548 1127 1614 odere
1148 1555 1265 1614 uentos
1287 1557 1321 1616 at

222 1649 357 1726 imbres,
373 1652 432 1733 qui
448 1651 533 1717 inter
546 1650 624 1716 illos
647 1669 767 1734 pacem
780 1669 856 1714 esse
870 1656 1003 1732 eogunt-
1046 1651 1100 1716 Ao
1114 1652 1145 1714 si
1163 1653 1239 1734 quis
1263 1651 1318 1715 Ε,

223 1750 367 1836 thiopus,
388 1753 586 1838 AEgyptnm,
600 1751 748 1829 Arabas,
771 1751 887 1830 Indos,
907 1751 1062 1835 Scythas,
1076 1753 1228 1830 Bactros,
1243 1753 1320 1818 Sar.

222 1857 384 1916 mutarum
400 1860 451 1920 tot
464 1861 578 1935 gentes
592 1860 625 1918 et
640 1852 798 1925 Orientis,
813 1853 991 1939 omniaque
1008 1853 1205 1920 Parthorum
1219 1874 1321 1938 regna

224 1953 415 2034 diligentius
435 1960 614 2037 computet,
638 1972 739 2037 nequa
757 1953 884 2018 lerme²
906 1975 984 2038 pars
1004 1956 1174 2021 hominum
1191 1956 1226 2019 in
1249 1962 1320 2020 toto

223 2052 350 2118 mundo
374 2053 512 2118 calamis
535 2061 697 2138 superata
716 2053 817 2137 degit.
874 2054 1071 2138 Praecipuus
1101 2055 1159 2119 hic
1180 2073 1264 2119 usus
1286 2055 1321 2118 iu

224 2149 346 2219 Creta·
367 2153 547 2222 bellatores
567 2175 646 2220 snos
669 2156 906 2240 praecipitavit.
950 2155 1018 2220 Sed
1039 2155 1073 2220 in
1096 2155 1160 2222 hoo
1177 2175 1321 2240 qnoque,

225 2481 298 2537 lllox,
310 2479 396 2532 chiffl,
407 2483 519 2548 nodisque
529 2485 643 2533 distinctu
660 2485 708 2535 leni
718 2485 831 2546 fastigio.
849 2483 964 2534 Gronov.
977 2492 1004 2534 et
1014 2486 1047 2536 ol.
1059 2493 1119 2536 unte
1132 2485 1260 2537 ilerdniu.
1277 2483 1323 2550 leoq'

217 2545 381 2607 fastigia-i
398 2547 442 2595 Itu
459 2547 575 2596 Pintino.
593 2549 792 2599 uirtutum.
804 2552 826 2597 ³.
844 2555 870 2598 rt
882 2555 992 2599 recentt.
1009 2551 1128 2600 iimouiore
1138 2553 1197 2601 rullo
1209 2550 1324 2601 Gronov.

227 2617 254 2660 et
266 2611 353 2672 rulgg.
368 2609 488 2660 limlore
497 2626 561 2660 curro
572 2612 632 2661 Vet-
643 2612 736 2662 neree.

259 2675 328 2723 Cur.
340 2686 404 2722 nn.
438 2680 451 2723 l
465 2674 530 2724 cod.
545 2676 633 2726 Doleo.
643 2677 774 2726 eeeelerunt
785 2665 858 2725 etiem
866 2676 996 2737 plm--d
1015 2677 1055 2725 ltu
1067 2675 1142 2726 codd.
1156 2675 1283 2725 llardniui
1295 2682 1323 2725 et

226 2735 312 2788 chrm.
324 2751 382 2788 euru
394 2736 455 2788 edd.
468 2746 577 2789 receutt.
594 2739 723 2804 sparsere
733 2740 848 2810 Grounv.
859 2750 887 2789 et
899 2743 933 2789 ul.
943 2749 1005 2790 unte
1014 2740 1142 2790 llerdniu.
1159 2741 1242 2790 Puulo
1254 2747 1323 2802 pout,

724 2887 829 2938 NOTAE

259 2987 275 3012 '
292 2980 428 3046 Pericula]
450 2981 494 3032 Sic
514 2996 613 3034 comum
632 2998 690 3034 eum
713 2999 756 3050 up·
827 2993 839 3027 r
864 2984 1004 3048 binatim
1022 2983 1094 3048 eollo]
1119 2985 1151 3034 ln
1169 2983 1235 3034 Mur.
1256 2983 1323 3034 ltere·

228 3056 320 3120 pellat,
341 3057 408 3106 uude
428 3057 529 3107 semina
548 3058 710 3124 dependent,
730 3060 755 3110 ln
795 3061 864 3112 uinta

227 3131 404 3196 urundlnibnr,
411 3131 675 3198 jrrplundilrnqmilio,
686 3135 753 3186 sirni-
826 3145 836 3169 ¹
853 3135 1007 3186 Ferruruiunt
1028 3133 1121 3196 latur]
1138 3133 1322 3186 commissurus

227 3206 355 3273 libusque.
389 3207 490 3256 Nomen
508 3208 586 3258 habet
598 3209 631 3262 ub
646 3208 755 3260 affinitn·
796 3212 978 3261 tubuluromet
990 3225 1137 3274 compages,
1147 3211 1285 3275 rimaeque,
1302 3209 1323 3258 ri

228 3289 272 3331 te:
290 3290 330 3331 est
341 3281 411 3332 eninr
423 3295 513 3346 panus,
522 3291 550 3332 et
562 3283 692 3348 panionia,
700 3284 756 3334 rire
796 3301 855 3350 quur
867 3286 929 3349 sint,
947 3286 1095 3347 obstruuut,
1108 3285 1282 3350 obtutumque
1293 3284 1324 3333 iiu

229 3358 382 3420 punuueulu.
421 3357 480 3406 lanu
514 3357 581 3408 bene
612 3359 756 3421 elaboratu,
796 3360 929 3422 folliculis,
939 3375 1002 3425 qnos
1014 3361 1135 3420 diximus,
1145 3355 1275 3410 contudi:
1294 3365 1324 3408 nt

229 3441 330 3496 surpta,
352 3447 383 3482 ue
405 3432 517 3497 depexu,
542 3442 569 3484 et
592 3434 625 3484 ud
643 3435 756 3489 nendum
796 3438 1055 3501 urnrooinjeotoalii.

229 3507 393 3568 concinnata,
403 3507 478 3570 cnjus
496 3509 688 3560 similitudinem
700 3512 757 3561 trec
827 3520 839 3547 ⁸
855 3512 886 3561 Ia
898 3513 984 3577 Crete]
1001 3513 1076 3563 Bello
1097 3520 1226 3577 postremo
1238 3512 1323 3562 creti·

230 3595 303 3630 corne
317 3580 406 3632 retert.
441 3584 519 3634 Nota
529 3600 587 3650 ane
597 3584 660 3638 falso
669 3587 757 3637 'l'lroni
797 3602 837 3650 oo,
852 3587 921 3638 unde
932 3589 1030 3639 Cretici
1048 3589 1170 3639 Metellus
1183 3601 1323 3650 cognomen

230 3658 406 3718 ascribuntur,
424 3658 492 3722 upud
504 3659 654 3725 Gruterum,
664 3677 690 3726 p.
702 3665 758 3711 lot).
797 3663 867 3714 tulit.
900 3664 968 3714 Vide
980 3666 1083 3715 Florum
1100 3677 1142 3714 nr.
1153 3668 1179 3714 7.
1210 3662 1324 3727 Sagitta·

230 3733 357 3796 ‘Lioionq
369 3735 532 3796 Punnnculu,
542 3736 670 3788 Flnoeuu!
696 3737 757 3786 Fer·
798 3753 853 3790 rum
866 3754 926 3789 ntur
938 3741 1077 3791 Cretenses
1096 3739 1160 3790 t'eoit
1174 3738 1325 3788 andeolum

231 3814 290 3857 tus:
308 3808 415 3858 ‘Penus
427 3806 491 3858 lucit
506 3809 697 3868 diminutivum,
712 3825 756 3876 pu·
798 3815 1004 3880 promtioreuqna
1015 3815 1047 3864 ud
1058 3816 1153 3866 bellum
1164 3829 1222 3865 oum
1233 3814 1324 3864 Romu·

231 3883 334 3934 niuniu!
798 3889 837 3938 nis
848 3889 997 3950 ineundum,
1014 3890 1080 3954 qood
1092 3890 1153 3953 ipsiu
1165 3896 1323 3953 portremnur

263 3965 276 3992 ¹
294 3959 343 4008 Pro
357 3957 449 4022 pluma]
465 3957 508 4008 Sin
527 3959 622 4024 pluma,
633 3975 688 4026 quar
700 3962 757 4012 tror-
797 3964 1041 4029 init,eteuitiouunr.
1053 3967 1325 4032 Prudentlnt,llynnr.

231 4037 273 4086 dul
285 4036 460 4102 frumentique
472 4037 584 4088 tunicula
595 4047 646 4100 rut,
658 4039 758 4098 rustici,
799 4054 825 4092 v.
836 4045 877 4093 st.
895 4042 961 4092 ‘ille
974 4043 1084 4093 uolentia
1096 4041 1211 4108 l’roefigit
1221 4043 1325 4094 calamia

230 4114 324 4180 quibus
335 4128 377 4164 reu
395 4113 537 4177 angustior,
552 4129 599 4180 pro
611 4116 696 4180 pluuru
706 4115 759 4165 ool·
797 4115 899 4180 spicula
911 4115 1033 4168 Gnosiir:

232 4190 297 4242 citur
308 4189 435 4255 hodieque
444 4187 566 4242 farciunt.
