3156 4886
528 363 618 413 neu.
642 362 739 410 ursr.
763 364 834 411 ure.
857 364 940 414 xrv.
962 349 1016 414 22.
1233 353 1319 420 2389

229 519 360 576 summo
380 512 515 572 auctore
535 505 711 572 damnate:
733 513 767 570 et
790 506 922 572 hercule
945 511 1079 572 conotus
1103 527 1215 574 eorum
1236 529 1318 578 nene

228 611 333 678 videri
350 613 471 693 potest,
486 608 551 672 nisi
567 607 596 686 pi
611 606 687 689 quis
701 613 829 674 nature
845 627 934 692 opus
951 628 1027 672 esse
1042 610 1147 675 credit
1161 615 1316 678 aromoti-

227 719 296 791 ten,
311 717 402 775 etex
417 709 592 790 unguentis
607 710 687 772 vine
709 709 908 790 composito,
924 717 984 774 eut
999 717 1037 774 ut
1058 711 1245 778 biberentur
1259 733 1316 795 ge·

226 813 343 878 unisse
363 829 436 875 enm
453 810 614 878 frutices.¹
658 809 733 874 Ista
754 816 828 874 snut
845 812 980 893 cognitu
998 812 1159 895 jucunde,
1180 813 1316 881 solertia

225 915 358 978 humani
372 912 472 976 animi
485 911 597 975 omnin
611 911 813 993 exquirente.
849 911 945 997 Nihil
960 913 1092 998 quidem
1107 935 1150 978 ex
1165 917 1217 980 his
1231 923 1315 982 auhn

226 1015 357 1090 durare,
371 1018 588 1097 praeterqnem
611 1033 685 1094 quae
710 1017 875 1078 vetustate
895 1016 971 1097 ipse
993 1013 1079 1080 lierii
1096 1017 1266 1095 diximue,³
1282 1023 1316 1082 et

224 1117 321 1199 plura
336 1135 376 1180 ne
391 1115 526 1180 tricenis
540 1113 673 1196 quidem
689 1113 817 1188 diebus,
832 1133 897 1178 nnn
913 1117 975 1179 erit
988 1117 1136 1181 dubium.

267 1211 369 1282 ‘xxrn
391 1212 541 1298 (xvrrr.)
572 1215 656 1278 Sunt
683 1222 717 1278 et
742 1215 774 1277 in
797 1213 875 1279 rino
901 1215 1067 1298 prodigia.
1121 1218 1255 1282 Dicitur
1279 1221 1313 1284 in

223 1315 387 1382 Arcadias·
402 1317 486 1392 fieri,
501 1315 595 1399 quod
609 1315 882 1380 soecunditntem¹
899 1317 1041 1382 foemiuis
1055 1318 1222 1401 importet,
1233 1321 1313 1384 viris

223 1418 358 1482 rabiem.
402 1416 449 1480 At
471 1417 506 1479 in
532 1415 664 1480 Achaia
689 1415 834 1480 maxime
859 1416 950 1481 circe
973 1416 1198 1501 Ceryniam¹¹
1222 1421 1310 1502 abigi

221 1523 352 1601 portum
370 1519 456 1594 vino,
472 1523 572 1600 etque
586 1518 686 1582 etiem
708 1518 739 1580 si
760 1535 857 1581 uvam
872 1518 972 1582 edant
986 1520 1140 1601 buevidoe,
1156 1539 1229 1586 cum
1247 1521 1310 1585 dii·

220 1616 380 1684 serentia¹
398 1621 433 1683 in
459 1623 593 1702 gustatu
619 1638 684 1682 non
708 1621 762 1684 sit.
804 1618 1040 1684 'lhrnzeninrnm
1059 1621 1170 1686 uinum
1186 1622 1245 1704 qui
1260 1623 1310 1686 bi-

221 1721 327 1799 bunt,³
344 1728 504 1804 negentur
517 1738 684 1802 generare.
726 1719 907 1784 Thes0s4¹¹
930 1721 997 1786 duo
1023 1739 1143 1803 genera
1163 1723 1232 1788 uini
1258 1721 1308 1786 di-

219 1841 315 1887 versa
330 1824 440 1888 fecere
457 1823 623 1905 proditur:
646 1841 828 1904 unumque
849 1839 985 1885 somnus
1005 1822 1207 1899 concilietur,
1222 1822 1307 1886 alte·
1365 1861 1368 1870 ·

219 1943 292 1987 rum
322 1943 400 1988 vero
428 1942 497 2005 qno
526 1922 666 2004 fugetur.
723 1920 825 2005 Apud
857 1921 995 1986 eosdem
1024 1926 1101 1988 vitis
1141 1923 1307 1988 therieoe⁰

673 2082 775 2104 ‘0008‘
778 2083 849 2103 neu

215 2184 261 2232 irre
268 2200 296 2235 eo
307 2184 468 2246 frutice-⁸
485 2184 579 2248 Margo
590 2183 651 2234 edd.
661 2185 755 2235 Delec.
771 2191 798 2234 et
809 2183 922 2234 Gronov.
933 2189 1073 2234 mtertntenr
1083 2184 1159 2247 ipenrn
1166 2185 1246 2246 serre,
1261 2187 1302 2248 tp.

216 2255 315 2362 erim
327 2325 398 2361 xxrr.
432 2316 446 2361 l
464 2313 555 2372 Merqo
574 2311 633 2360 edd.
646 2311 738 2360 Delec.
750 2319 777 2360 et
786 2311 902 2361 Gronov.
913 2311 1074 2362 sterilitatem.
1090 2311 1218 2374 Theoptrr.
1230 2311 1298 2361 tree-

216 2375 300 2425 κύσας
319 2379 435 2425 terei—2
458 2373 543 2424 crim.
572 2377 764 2425 ohannem-t
782 2373 865 2425 cniffl.
888 2375 928 2439 qui
954 2377 1091 2425 hidem-4
1109 2376 1150 2424 lte
1170 2391 1202 2424 ex
1227 2376 1302 2426 codd.

215 2441 343 2490 Herduin.
354 2451 381 2490 et
393 2449 503 2490 recente.
529 2439 625 2489 nerine
636 2440 752 2490 Gronov.
764 2448 791 2489 et
807 2440 840 2489 el.
853 2451 912 2489 ente
927 2439 1052 2492 Herdnin.
1082 2441 1157 2503 Mor,
1167 2455 1240 2489 mer
1250 2455 1303 2503 que,

703 2581 814 2635 NOTAE

212 2681 313 2732 modurn
326 2679 434 2731 totidem
452 2694 538 2730 rnrene
558 2680 734 2731 iermererhle
774 2689 844 2743 rnnt,
862 2681 971 2732 πόλινδ’
989 2681 1125 2746 tr’nxetq,
1142 2681 1300 2741 eelpdnerre
1401 2689 1405 2698 ’

211 2757 291 2807 trudit
301 2769 372 2808 nn.
383 2759 425 2808 29.
441 2756 581 2820 ‘oxymeli
591 2755 697 2820 antiqui,
707 2763 735 2805 nt
773 2757 825 2822 περὶ
847 2757 971 2821 tteporler,
988 2775 1010 2807 e.
1025 2775 1050 2805 r.
1065 2766 1091 2808 λ.
1126 2759 1300 2810 AEiienneloc.

211 2834 340 2884 Dieucher
358 2833 448 2894 tradit,
460 2833 510 2883 hoc
521 2832 596 2882 ruodo
606 2839 733 2896 tempere·
774 2835 819 2884 cit.
834 2835 875 2884 Ἔν
884 2833 910 2884 tl
926 2833 1012 2899 Ἀχαΐᾳ
1029 2833 1081 2898 eepl
1094 2831 1228 2897 ltepemler,
1240 2852 1263 2883 e.
1275 2853 1299 2886 r.

210 2909 290 2961 beuti
311 2911 393 2960 mellic
412 2911 492 2960 minen
504 2909 603 2970 decem,
614 2911 682 2959 eneti
693 2923 734 2957 re·
772 2917 798 2959 λ.
833 2909 919 2974 Atque
930 2910 977 2960 hoc
988 2909 1188 2974 quidemnnmen
1199 2915 1298 2971 pontre-

210 2987 272 3036 teri·
291 2988 407 3036 hemines
424 2987 546 3051 quinque,
565 2986 625 3035 eelie
643 2986 733 3034 murini
774 2999 841 3035 runnu
862 2985 1028 3048 verissimum,
1045 2985 1172 3048 pleneque
1189 2984 1220 3032 ed
1241 2997 1297 3033 cern

209 3063 297 3124 pondo
315 3062 405 3111 lihrem
423 3069 449 3110 et
463 3061 642 3126 quadrantem,
660 3076 733 3126 eque
762 3059 878 3144 ⁸richeim
898 3059 986 3110 urbem
1002 3074 1119 3108 nunrmue
1137 3060 1181 3108 ille
1200 3060 1298 3110 Goltzii

208 3137 314 3186 merium
325 3135 452 3186 eexterioe
460 3138 571 3200 quinque
583 3138 681 3199 puriter
691 3149 733 3186 co·
773 3136 798 3184 ln
811 3136 914 3186 Grrecie
933 3135 1055 3198 pertinet,
1071 3135 1112 3183 cui
1132 3136 1157 3184 in
1168 3150 1245 3184 curru
1259 3135 1297 3184 bi·

207 3207 330 3276 qrrebent,
350 3211 438 3261 decies
460 3209 656 3260 defervescente
678 3224 732 3260 cnr·
767 3214 840 3278 jugo,
852 3213 983 3277 Olympici
1003 3213 1070 3262 hand
1089 3213 1295 3264 dnbiecertnnri·

208 3289 271 3350 tine,
288 3297 366 3353 etque
381 3288 419 3337 ite
429 3285 618 3346 diffundebant,
634 3285 732 3336 inrete·
771 3289 821 3349 nie,
832 3289 1082 3352 victorinrcnlptne:
1103 3305 1165 3338 nrne
1176 3305 1208 3338 ex
1221 3299 1295 3353 perte

206 3362 368 3426 rubentque}
771 3366 880 3414 edrerre
906 3379 964 3413 cunr
988 3366 1073 3426 palme
1098 3364 1211 3427 duplici:
1241 3365 1295 3428 epi·

239 3435 520 3504 'Vetutnteipeefleffl
538 3436 656 3492 Hoccet,
669 3449 730 3485 con·
770 3440 877 3504 greplrc,
899 3444 1096 3489 REPAt'Nlmrt.
1130 3439 1207 3489 Erret
1223 3439 1295 3488 Non·

205 3509 249 3560 fici
269 3521 296 3560 et
315 3513 428 3561 chrolri:
447 3523 476 3562 nt
493 3511 561 3577 quod
580 3525 595 3560 e
611 3511 673 3560 mliii
689 3525 728 3560 ee·
769 3514 880 3580 ninrqni
898 3515 930 3563 ed
943 3515 1093 3577 Cypriorum
1112 3514 1200 3563 nescio
1216 3530 1293 3579 quem

205 3587 273 3636 mine
285 3587 381 3636 dictum
393 3596 433 3637 eet
449 3603 507 3652 cup.
526 3592 565 3637 lu.
580 3595 638 3651 poet
649 3589 727 3649 reptl·
769 3588 855 3638 urbem
867 3590 934 3638 hnnc
945 3603 1073 3638 nnmrnnrn
1084 3590 1173 3639 rel'ert.

205 3677 274 3712 mnrn
285 3671 381 3712 tentum
393 3677 504 3712 mentem
515 3662 657 3714 transfundi
668 3680 675 3710 e
688 3677 727 3710 ro·
799 3663 805 3698 ¹
823 3665 883 3713 cem
898 3663 1044 3729 differentia]
1061 3665 1125 3714 Cum
1145 3679 1226 3730 neque
1244 3680 1293 3714 nre

205 3755 240 3788 ree
250 3739 321 3798 itern,
331 3751 381 3786 nnn
390 3746 450 3798 ente
462 3747 515 3787 tren
526 3753 633 3796 menter,
644 3742 692 3790 &e
765 3737 790 3788 iu
803 3748 876 3800 quern
887 3753 960 3789 necne
975 3753 1005 3788 ec
1022 3747 1127 3800 cetere,
1138 3754 1186 3789 nec
1198 3740 1293 3802 vinnm,

234 3815 289 3862 l1rr
306 3812 423 3875 Arcadia]
449 3813 494 3861 Sic
512 3813 725 3877 plene'l'heophr.
765 3814 858 3877 replet.
889 3815 1016 3876 Theophr.

203 3889 271 3952 epud
285 3887 379 3936 Athen.
390 3887 433 3935 ΙΙΙ).
445 3899 464 3934 ι.
475 3900 535 3949 peg.
547 3891 587 3936 tt.
611 3887 724 3936 AEilenne
796 3897 814 3922 ¹¹
832 3889 986 3952 nmium]
1002 3890 1131 3953 Theophr.
1141 3889 1191 3938 loc.
1204 3891 1251 3939 cit.

203 3978 305 4030 quoqne
317 3963 378 4011 Ver.
389 3960 459 4010 Hirt-
469 3973 532 4012 xru.
540 3964 565 4010 d.
796 3969 808 3998 ¹
825 3964 922 4026 Theron]
935 3963 1060 4026 uneopnr.
1070 3974 1097 4012 et
1106 3963 1217 4014 AElienur
1226 3965 1290 4015 tocie

235 4038 246 4072 ¹
264 4041 336 4089 Circe
348 4033 487 4100 Coryniern]
511 4035 568 4099 ssepi
578 4034 604 4085 et
615 4036 725 4098 κεραίαν
763 4038 808 4088 cit.

200 4117 244 4174 τῆς
253 4113 360 4178 'exulan
371 4111 466 4162 Athen.
477 4113 527 4163 loc.
538 4113 583 4162 cit
592 4113 723 4176 Theophr.
794 4122 806 4146 ⁰
823 4110 944 4174 thalem]
959 4111 1061 4177 Θηριαὴ
1073 4113 1185 4178 ἄμπελος,
1196 4114 1288 4181 deque

202 4193 257 4257 ipre
279 4191 349 4244 litet.
366 4200 405 4241 rx.
423 4191 465 4241 2⁰.
483 4187 550 4240 unde
566 4189 622 4242 hec
639 4203 723 4240 mene·
763 4195 790 4240 et
808 4189 897 4241 eedem
917 4203 974 4239 cunr
992 4189 1086 4254 Plinio,
1103 4200 1130 4242 et
1149 4192 1199 4242 elie
1214 4193 1288 4256 plnre
1350 4195 1352 4204 '
