3156 4886
528 417 617 467 nar.
639 415 737 466 urar.
761 417 833 464 ure.
857 417 935 465 xiv.
957 403 1009 467 25.
1225 405 1310 474 2393

225 561 303 624 nlbn
318 565 380 635 est,
396 560 465 623 acri
486 559 601 634 odore,
617 558 761 623 difficilia
776 560 942 642 coquenti.
985 561 1006 624 J
1010 561 1106 626 ndaeu
1119 571 1129 609 ³
1145 564 1310 643 calloel0r3

220 669 258 726 et
288 660 507 726 terebinthina
537 667 692 744 quoque⁸
714 659 896 724 odoratior:
920 659 1059 744 Syriaca
1077 662 1181 728 Attici
1206 663 1311 728 mellis

222 761 469 828 similitudinem
484 762 593 826 habet.
637 759 763 844 Cypria
784 762 951 825 antecedit
972 781 1106 828 omnes:
1126 774 1179 828 est
1198 774 1310 830 autern

224 863 344 928 melleo
357 863 478 939 colore,
495 881 643 928 cernone.
680 860 912 944 Colophonioh
925 869 1043 945 praeter
1057 869 1182 930 ceteras
1196 867 1309 932 sulvat

223 964 253 1030 si
280 969 431 1036 teratur,⁴
454 964 532 1028 alba
554 963 603 1033 fit,
625 963 754 1044 gravior
774 962 893 1026 odore:
917 963 960 1026 ob
983 963 1016 1026 id
1041 983 1104 1028 non
1121 972 1310 1032 utuntnrea

223 1063 436 1145 ungerenlarii.
483 1064 522 1126 ln
536 1062 620 1126 Asia
635 1081 712 1144 quae
728 1061 766 1126 iit
787 1083 805 1126 e
826 1064 934 1145 picea,
958 1065 1133 1129 admodum
1155 1068 1309 1145 candida,

223 1170 369 1247 speges⁵
390 1160 547 1230 vocatur.i
590 1161 719 1228 Resina
742 1160 867 1228 omnini
887 1164 1078 1231 dissolvitur
1098 1167 1184 1231 oleo.
1227 1167 1309 1246 Qui-

221 1265 299 1328 dam
315 1269 348 1330 et
362 1271 453 1330 creta
467 1263 652 1345 figlinarum
677 1265 740 1330 hoo
764 1265 834 1328 ficri
859 1267 1064 1332 arbitrantur.
1112 1267 1309 1354 Pudetquek

221 1365 378 1443 confiteri,
402 1366 580 1430 maximnm
598 1364 671 1446 jam
694 1365 847 1429 honorem
874 1365 946 1448 ejus
970 1385 1045 1431 esse
1067 1369 1100 1431 in
1127 1370 1308 1434 evellendis

223 1468 368 1531 virorum
383 1468 513 1549 corpori
527 1465 632 1548 pilie.⁶

265 1567 366 1632 Ratio
395 1572 505 1632 antem
539 1566 713 1632 condiendi
743 1570 862 1640 musta,
892 1567 926 1629 in
952 1567 1058 1649 primo
1085 1568 1222 1649 fervore,
1250 1573 1308 1653 qui

219 1686 338 1732 novem
355 1667 470 1732 diebus
486 1667 756 1751 cumplurimum
779 1668 956 1748 peragitur,
984 1687 1124 1751 aspersu
1146 1671 1244 1754 picis,
1270 1679 1308 1735 ut

221 1769 301 1832 odor
314 1770 393 1832 vino
409 1771 592 1850 contingat,
609 1775 641 1832 et
658 1769 787 1850 saporis
804 1767 959 1850 quendem
974 1771 1152 1834 acumina.⁷
1196 1771 1307 1836 Vehe-
1343 1803 1345 1808 ·

220 1870 362 1933 mentius
387 1869 421 1934 id
443 1869 514 1933 fieri
537 1869 737 1934 arbitrantur
758 1867 860 1933 crudo
884 1866 983 1933 flore¹
1003 1873 1133 1949 resinae,
1150 1872 1307 1936 excitari·

219 1976 316 2052 (pre¹¹²
331 1970 512 2036 lenitatem.
558 1970 586 2035 Ε
610 1971 743 2035 diverso
767 1970 908 2053 crapula
930 1974 1099 2054 compesci
1122 1973 1306 2038 feritatemn

673 2131 804 2155 eumue
807 2133 852 2154 ΜΟ

219 2253 235 2298 ⁸
253 2247 295 2297 Ita
304 2248 380 2298 codd.
397 2247 633 2304 Harduinlllnlec.
644 2255 670 2298 et
681 2247 764 2297 chiffl.
783 2263 841 2298 cunr
862 2249 922 2299 edd.
936 2249 1064 2300 Hardnln.
1081 2257 1107 2299 et
1123 2259 1233 2301 reorntt.
1258 2253 1305 2302 Ju-

219 2313 287 2362 dalca
299 2313 414 2363 Gronov.
423 2322 449 2361 ai
458 2314 539 2363 ai.-t
556 2314 648 2376 Margo
660 2313 719 2362 edd.
731 2312 821 2363 Daleo.
840 2322 866 2362 et
885 2315 1000 2364 Gronov.
1011 2315 1032 2363 ai
1042 2320 1133 2376 uratur,
1152 2329 1166 2364 e
1180 2317 1306 2366 Dione.-

218 2383 234 2426 5
252 2377 343 2440 Margo
355 2378 414 2426 edd.
427 2377 556 2426 Deleant
569 2379 682 2426 Gronov.
693 2391 813 2439 aranga,-
830 2378 888 2426 cod.
910 2379 1000 2429 Dalec.
1018 2394 1134 2442 epnrgoa5
1150 2381 1251 2448 qnidam
1262 2395 1305 2444 ap.

219 2441 308 2490 Deice.
315 2456 402 2505 purgor
408 2457 418 2499 ,·
435 2443 477 2490 alil
489 2441 549 2490 ibid.
561 2441 629 2504 quari
638 2441 745 2490 rtohotir
762 2447 785 2488 et
804 2442 983 2502 stagonian-d
999 2443 1092 2508 Margo
1104 2443 1162 2494 edd.
1174 2446 1263 2494 Doleo.
1275 2453 1303 2496 et

220 2505 334 2555 Gronov.
344 2509 402 2555 oleo.
437 2507 557 2569 Padetqae
565 2505 679 2570 confiteri,
689 2507 730 2567 ii·
746 2505 810 2566 pilia.
845 2507 949 2562 Quidam
959 2513 982 2556 et
997 2514 1069 2570 creta,
1086 2511 1126 2570 lfa.
1144 2509 1303 2558 arbitrantur.

220 2569 349 2633 Batiana
371 2569 435 2619 Cod.
448 2571 539 2619 Dnlec.
550 2571 677 2620 annnam
688 2569 886 2631 coeperitne—i
898 2571 962 2620 Cod.
975 2572 1062 2621 Dalec.
1073 2575 1170 2634 quodum
1178 2574 1303 2634 amare,-

706 2746 811 2797 NOTAE

249 2844 447 2894 rl'ereiintlrina
473 2843 571 2907 marre]
607 2842 739 2905 Optimam
777 2841 898 2904 parmper,
916 2843 969 2892 aire
988 2843 1090 2891 vulnera
1109 2843 1218 2904 pilorum
1239 2842 1304 2904 picta

218 2921 468 2973 consecuturam.
488 2921 533 2970 eit.
551 2933 609 2984 quin
629 2918 740 2970 terebin·
778 2917 920 2966 ministerio
937 2915 1018 2978 lacta,
1034 2917 1110 2980 enjm
1128 2916 1216 2966 noller
1229 2928 1255 2968 et
1267 2917 1303 2968 cl·

218 2995 288 3046 tirnrn
306 2996 383 3045 oleat.
418 2995 515 3044 Plinina
534 3008 611 3044 xxiv.
628 2997 669 3044 ²2.
687 2993 738 3042 ‘ln
778 2993 846 3042 nardi
858 2993 964 3044 curicula
983 2994 1016 3044 uir
1028 2993 1105 3057 idque
1116 2994 1180 3042 vuiul
1192 3001 1219 3044 et
1230 2995 1302 3056 dapi-

215 3071 334 3122 arborum
354 3067 499 3120 differentia
519 3074 606 3132 piacet
626 3068 738 3118 terabln·
776 3071 823 3122 lati
843 3069 907 3120 dieti
926 3067 1198 3129 sunrmtamtnon.
1230 3068 1301 3120 Hine

214 3147 295 3212 thina,
311 3147 497 3201 odoratissima.
509 3154 585 3210 atque
595 3145 737 3196 leviarinrar
778 3147 875 3194 omnir
886 3146 985 3196 Graecia
996 3147 1166 3208 raparrnrprdr
1184 3144 1233 3194 elie
1247 3158 1302 3194 nnn-

214 3222 361 3292 pntionum,¹
370 3221 466 3284 Cypria
486 3229 512 3270 at
530 3220 651 3284 Syriaca:
670 3227 739 3269 utra·
778 3237 825 3274 niu
836 3229 902 3284 erat,
918 3235 974 3285 qne
985 3220 1086 3284 glabros
1098 3229 1125 3272 at
1135 3221 1233 3284 depiles
1244 3221 1302 3270 rad·

213 3313 265 3362 ,quta
277 3298 360 3350 mallia
371 3297 452 3347 Attici
464 3297 566 3346 colora:
583 3295 629 3346 aed
642 3295 739 3359 Cypria
778 3295 875 3345 debent
885 3296 949 3357 pleis
962 3295 1035 3346 illitu.
1067 3297 1134 3346 Vide
1146 3296 1267 3344 Pirlioatr.
1276 3301 1303 3344 at

215 3375 353 3435 carnosior,
363 3370 525 3436 orneturque!
778 3370 860 3422 ciem.
875 3369 1004 3420 Alexand.
1016 3370 1084 3432 apud
1097 3369 1161 3420 Rob.
1172 3369 1262 3419 conat.
1275 3371 1300 3417 ln

248 3445 260 3479 ¹¹
277 3445 429 3510 Colophonio]
447 3448 552 3496 Retinet
561 3446 616 3494 lroec
625 3444 700 3494 hodia
712 3444 738 3496 iu
778 3447 881 3500 herico,
892 3445 970 3495 verbu
981 3444 1081 3496 nimiu.

216 3520 323 3588 officinlr
343 3535 441 3572 nornen.
459 3521 517 3572 Ἀπὸ
535 3523 579 3581 τῆς
597 3522 738 3583 Κολοφῶνος
809 3519 816 3552 ¹
833 3521 913 3570 Crede
922 3519 997 3584 Μ]
1021 3521 1080 3572 Fica
1097 3519 1202 3581 credun,
1216 3519 1302 3568 racina

216 3596 356 3660 uoluntaria
365 3599 486 3658 κληθεῖσα,
502 3599 621 3648 Dinrcor.
633 3611 652 3645 1.
664 3601 705 3646 92·
777 3598 834 3660 ipra
845 3605 957 3662 cat‚qnoe
969 3605 1098 3660 unpereat
1109 3597 1195 3646 avnlaa
1206 3597 1301 3656 arbori,

247 3673 253 3706 ¹
265 3673 359 3736 Sperne
367 3673 473 3735 roratur]
487 3674 530 3722 Sic
540 3673 603 3722 Mar.
616 3673 738 3735 Raptae·
776 3673 885 3726 necdum
894 3680 1025 3724 cocturam
1035 3687 1127 3735 paaaar
1143 3671 1230 3721 eedem
1241 3684 1300 3720 coc·

215 3751 271 3798 Voa
295 3749 437 3810 barbarica,
459 3749 563 3800 incerte
590 3748 737 3814 originatio·
778 3759 813 3812 ta,
837 3750 943 3811 crapula
966 3756 1148 3811 nunccupatur:
1172 3745 1300 3809 coquendi

213 3826 273 3875 ula:
297 3825 344 3873 nlrl
365 3822 460 3884 σφαγὰς
481 3824 530 3884 lagi
553 3818 647 3886 pia'cet,
669 3822 737 3873 hand
776 3825 843 3874 ratio
862 3825 963 3874 dicetur
983 3837 1041 3873 arr.
1059 3827 1100 3873 22.
1142 3824 1236 3871 Errant
1255 3821 1298 3885 qui

214 3901 295 3962 magia
306 3898 431 3962 comperti
446 3896 602 3960 aiguifieatua
613 3899 660 3948 itoc
671 3899 737 3946 loco·
775 3901 905 3964 crapulam
921 3899 1012 3949 irenam
1025 3899 1115 3948 realna
1127 3906 1235 3961 putant:
1254 3906 1300 3947 ant

210 4035 213 4041 Ι
244 3974 360 4023 inerim
376 3973 461 4038 omia]
480 3972 578 4022 Plinina
597 3985 674 4022 xxiv.
693 3977 734 4023 η
776 3972 908 4032 florem,ld
921 3973 1158 4037 qnodnnparnatat.

211 4051 381 4114 fiterolvltur
392 4051 477 4098 renlua
487 4048 520 4098 ad
531 4048 663 4098 vulnerum
677 4062 735 4098 uene
807 4055 824 4081 Ι
843 4047 1008 4110 Excitnriqar]
1026 4045 1096 4098 aaut
1114 4047 1249 4098 leuioribus
1261 4049 1299 4098 ri·

213 4124 489 4188 eimaiegmntaoieo.'
776 4121 816 4170 nia
826 4121 923 4183 aapurla
933 4119 1060 4186 quoddam
1073 4137 1188 4173 aeramen.

245 4200 400 4266 imque]
416 4200 532 4250 nivern
544 4197 735 4248 vocabatnrra·
807 4198 978 4264 ¹'Fuluiana
998 4199 1113 4265 Mitigari
1130 4217 1162 4252 ee
1180 4216 1237 4267 qnae
1256 4201 1296 4255 iu·
