3174 4900
537 397 627 448 nnn.
645 399 747 482 pulsu.
772 400 846 450 arn.
870 400 952 450 xvi.
975 384 1029 450 73.
1243 383 1330 454 2589

239 561 304 624 qne
319 547 406 609 sunl.
450 543 761 630 Discrimcnearum
788 543 899 608 incile.
944 543 1051 608 Venae
1066 541 1202 610 latiores
1217 546 1331 612 candi·

238 641 417 728 dioresque
446 645 562 728 pulpae
588 643 749 708 fissilibus
773 645 895 710 insunt.
939 644 1021 710 Ideo
1037 643 1100 723 iit,b
1120 650 1157 710 nl
1179 664 1259 712 aure
1287 646 1331 710 ad

238 753 344 827 caput
365 747 470 812 trabis
484 748 668 830 quamlibet
682 748 861 830 praelougae
880 747 1026 822 admota,
1049 749 1135 813 iulus
1156 750 1199 814 ab
1225 751 1330 816 altero

238 847 350 929 capita
372 848 424 912 vel
446 848 575 931 graphii
602 849 784 926 sentiatur,¹
821 846 1010 932 penetranlc
1033 850 1132 914 rectis
1169 851 1331 916 meatibus

238 966 332 1012 sono.
377 947 475 1014 Unde
487 950 754 1033 deprehenditur,
770 955 913 1014 antarta
935 951 979 1015 sit
993 950 1155 1027 materiae,
1169 948 1332 1034 nodisque

143 1047 147 1054 ’
237 1049 384 1114 concisa.
429 1049 562 1128 Quibus
578 1057 653 1116 snut
667 1053 795 1128 tubera,
812 1051 862 1115 sic
877 1058 980 1116 snut²
1002 1051 1036 1114 in
1053 1071 1151 1116 carue
1173 1051 1331 1133 glandia?

238 1149 279 1214 In
294 1151 338 1215 iis
349 1169 410 1216 nec
428 1170 522 1238 vena,
537 1171 600 1217 nec
615 1153 733 1236 pulpa,
749 1153 892 1236 quodam
908 1153 997 1218 callo
1014 1154 1123 1217 caruis
1145 1153 1178 1216 in
1201 1171 1237 1216 se
1256 1172 1332 1218 con·

236 1252 364 1316 voluto.
410 1253 489 1317 Hoc
512 1255 790 1336 pretiosissimum
811 1255 844 1318 in
871 1255 979 1331 citro,³
1003 1262 1036 1320 ct
1050 1252 1171 1321 tacere.d
1214 1252 1332 1321 Cetera

236 1372 423 1420 mensarum
439 1373 557 1436 genera
572 1354 663 1419 fissis
693 1354 886 1420 arboribus·
907 1356 1106 1420 circinantur
1127 1357 1160 1419 in
1176 1354 1331 1438 pulpam:

237 1454 363 1538 alioqui
378 1453 506 1537 fragilis
521 1461 614 1526 esset
636 1476 721 1520 vena
742 1457 776 1520 in
792 1459 906 1522 orbem
922 1458 1048 1522 arboris
1071 1464 1188 1522 caesa.⁴
1231 1456 1332 1538 Fagis

237 1552 407 1638 pectines‘
442 1558 620 1622 transversi
643 1560 677 1622 in
701 1557 816 1643 pulpa.
859 1557 962 1642 Apud
987 1560 1160 1642 antiquos⁸
1195 1557 1275 1622 inde
1299 1565 1333 1624 at

238 1657 328 1722 vasis
343 1656 458 1722 honos.
503 1656 642 1724 Manius
665 1657 830 1725 Curius³¹²
847 1661 975 1744 juravit
999 1680 1036 1725 se
1060 1678 1104 1724 ex
1118 1659 1234 1744 praeda
1252 1658 1333 1728 nihil

273 1985 338 2036 Cur.
349 1998 451 2036 axxrn.
483 1990 496 2035 l
515 1987 675 2037 vet-Dulce.
693 1988 822 2050 vrigrraie
831 1988 1005 2038 anticlea-2
1023 1986 1066 2036 Ite
1077 1985 1193 2037 encudd.
1204 1987 1332 2038 Hnrduln.

238 2063 295 2099 curn
308 2049 369 2099 edd.
382 2057 493 2100 recenti.
511 2052 655 2107 Qnilnednm
664 2058 717 2101 tunt
729 2053 956 2113 inluminamini
967 2053 1080 2101 Gronov.
1091 2059 1119 2100 et
1135 2052 1168 2099 nl.
1184 2058 1244 2100 enta
1264 2053 1331 2102 Hur-

238 2113 358 2162 dnn-a
375 2114 419 2163 lte
435 2115 511 2164 codd.
524 2115 660 2177 lietduini,
673 2117 764 2165 lintea.
782 2126 808 2166 et
825 2115 910 2166 cirilli.
937 2118 1006 2164 adro
1020 2117 1134 2166 Gronov.
1149 2120 1178 2164 et
1189 2117 1223 2164 nl.
1234 2122 1332 2165 vett.-

237 2181 253 2226 t
271 2177 360 2228 Delec.
371 2179 580 2229 meram-5
598 2181 696 2231 Marcus
708 2181 796 2232 Curiae
806 2181 850 2230 ulii
867 2196 909 2244 ep.
928 2180 1069 2230 Ualen-d
1087 2179 1153 2229 cod.
1169 2180 1259 2230 Delec.
1268 2179 1333 2244 flnc-

731 2337 838 2390 NO'l'AE

272 2458 283 2485 ·
299 2451 396 2519 Pulpoe]
420 2455 530 2520 Pulpunr
547 2470 595 2520 pru
606 2469 685 2506 nerra
697 2455 765 2504 ecci·
805 2449 939 2500 finduntur
951 2448 1059 2512 primunr
1069 2444 1175 2494 arbutea
1187 2440 1212 2490 in
1223 2439 1332 2502 longitn-

238 2525 287 2590 pit,
297 2543 374 2592 quem
384 2527 423 2578 lun
432 2530 560 2596 Theophr.
573 2538 656 2580 vocat.
690 2529 764 2578 stmi-
806 2526 911 2575 dinem:
938 2525 999 2574 dein
1022 2522 1111 2587 pulpa,
1133 2519 1182 2569 huc
1202 2526 1253 2576 eet,
1274 2529 1334 2578 pere

238 2602 321 2653 litudu
338 2602 442 2656 ducitur
463 2605 495 2655 ab
517 2606 688 2656 animantium
710 2619 766 2654 cnr·
805 2601 867 2663 ligni
885 2599 945 2648 fiere
962 2598 996 2648 ed
1014 2611 1079 2661 epus
1101 2594 1256 2644 circinntnr:
1284 2603 1333 2640 nec

238 2693 311 2743 pure.
328 2679 353 2728 in
370 2679 463 2742 quibua
481 2680 561 2744 pulpa
577 2681 673 2730 dicitnr
688 2687 765 2731 ‘cern
807 2676 892 2724 etutirn
906 2677 931 2725 in
943 2673 1041 2729 orbern,
1052 2672 1106 2720 eive
1114 2683 1162 2734 per
1172 2667 1334 2718 latitudinem

237 2755 292 2804 une
304 2753 469 2819 pinguedine,
486 2757 554 2806 sicut
565 2762 606 2806 eet
624 2755 723 2805 tumide
739 2763 766 2804 et
807 2764 838 2799 uc
850 2749 1016 2798 transeunica
1029 2746 1104 2795 arboe
1115 2743 1255 2793 dividitur:
1273 2755 1335 2806 qno·

238 2842 328 2892 gruere
338 2844 399 2880 curu
411 2831 524 2880 crurium
542 2837 570 2880 et
587 2829 768 2886 aeternornm:
807 2825 874 2874 niem
886 2822 985 2888 fragilla
997 2829 1051 2872 turn
1069 2833 1135 2868 uena
1147 2814 1224 2877 fetet,
1241 2828 1285 2864 eeu
1296 2813 1335 2863 fn·

239 2904 322 2968 inquit
334 2904 411 2955 doen.
422 2905 456 2955 de
467 2904 553 2956 Jnnnn
564 2906 590 2956 in
602 2904 745 2956 catholieo.
807 2901 856 2952 clla
870 2900 1046 2964 frangeretur.
1320 2927 1324 2934 ·

271 2980 283 3014 '³
300 2979 408 3046 ldeufit]
434 2979 466 3030 ld
478 2981 531 3044 jun
543 2979 685 3030 delibatum
696 2993 710 3027 e
722 2992 766 3029 no·
840 2974 849 3010 ¹
865 2975 988 3038 Pectines]
1012 2975 1055 3024 Sic
1074 2969 1333 3052 appelluntntlliueae

239 3055 279 3104 bis
294 3069 333 3106 nr.
345 3061 401 3106 ltu.
435 3055 587 3107 Quotidinni
599 3055 675 3118 lrnjae
687 3069 766 3118 expe·
807 3050 925 3114 qunrdetn
936 3050 1080 3112 dncrncque
1091 3060 1138 3111 per
1147 3042 1334 3106 longitudinem

239 3131 343 3181 rimanti
365 3145 468 3183 cenum
491 3130 630 3180 Kirclrerne
652 3131 766 3194 explicet
807 3117 1280 3186 nrburnmirtitndinernqne,amnium
1290 3132 1334 3168 nn-

240 3207 266 3254 ln
285 3206 436 3270 Plronurgln
459 3219 534 3266 nove,
557 3221 616 3270 peg.
636 3210 676 3256 ult.
719 3206 766 3256 Est
807 3200 1008 3263 guiumremore
1021 3203 1170 3261 serpentem
1188 3196 1336 3260 quidnctnn

241 3291 329 3332 nutem
340 3282 484 3345 graphium,
496 3287 526 3330 nt
536 3281 612 3344 vulgo
629 3281 707 3330 etiarn
722 3295 766 3330 nn·
807 3276 834 3325 in
846 3276 927 3339 polita
939 3274 1071 3338 precipue
1086 3270 1203 3332 materie,
1218 3283 1268 3319 nun
1279 3270 1334 3317 eine

240 3364 294 3408 turn
306 3369 356 3416 eet,
367 3358 448 3422 etylur
458 3355 620 3419 senecaque
628 3354 654 3404 in
664 3353 767 3405 tabelli·
808 3350 918 3417 quedem
930 3350 1043 3400 colurum
1056 3348 1192 3407 varietate,
1203 3344 1336 3408 cunepicni

130 3431 132 3438 ’
244 3435 347 3496 ceratii,
359 3433 458 3496 aliisve,
469 3431 591 3497 quicquid
602 3431 715 3495 libuerit,
723 3445 767 3482 ex·
809 3435 870 3478 eunt
881 3425 1000 3486 renidere.
1011 3425 1141 3474 Venerunt
1150 3419 1336 3484 cnrenanppel-

242 3519 315 3556 arare
327 3510 447 3558 talemne.
798 3503 844 3555 ,lat
856 3517 880 3553 c.
891 3507 933 3553 ld.
951 3501 1046 3562 Gallie,
1056 3499 1143 3549 neme.

273 3582 418 3646 eClaudia]
434 3581 581 3634 Gleuduloe.
603 3583 726 3634 Dicentur
736 3581 769 3633 de
840 3574 1079 3642 tumentique]
1104 3572 1198 3636 Virgil.
1217 3572 1273 3622 Eri.
1293 3583 1335 3622 ur.

243 3658 291 3706 her
304 3671 366 3708 tuce
376 3659 558 3724 opportunius,
569 3671 668 3709 xxxvl.
679 3662 704 3710 2.
809 3658 850 3704 86.
867 3654 1096 3718 ‘Pncnlnpunem
1108 3647 1222 3713 Frglna’
1256 3645 1335 3694 Orid.

274 3734 286 3767 ἃ
304 3733 333 3782 ir
344 3735 413 3795 eitra
423 3739 447 3784 et
457 3734 535 3796 rcere]
560 3734 604 3783 lte
623 3733 687 3784 Mer.
704 3735 769 3796 lteg.
810 3729 877 3779 Met.
888 3742 951 3780 vrri.
962 3732 1020 3778 ullu.
1037 3726 1045 3759 ‘
1056 3727 1169 3777 Calata·
1179 3721 1271 3772 eadent
1282 3719 1336 3770 sn·

243 3809 317 3860 Calli.
327 3809 375 3858 Th.
387 3807 474 3860 Cluilll.
492 3813 541 3859 &c-
557 3822 608 3859 nun
624 3809 702 3857 adro.
734 3809 769 3858 Et
809 3804 873 3854 titur
884 3809 992 3868 argento
1003 3799 1287 3866 cumulandumque
1298 3794 1335 3845 fa·

243 3886 276 3935 de
287 3885 347 3936 citri
365 3883 469 3950 quidem
481 3883 573 3934 tubere
584 3883 695 3932 diximne
705 3895 768 3932 xnr.
809 3894 841 3943 gc
852 3879 969 3930 Poenin'

242 3965 284 4018 29.
295 3961 328 4012 de
340 3959 536 4021 tubernaculi,
547 3956 605 4007 libri
621 3955 695 4020 hujus
711 3971 769 4021 cap.
841 3954 853 3988 l
869 3954 967 4004 Maniae
978 3953 1076 4017 Gener]
1093 3952 1137 4003 De
1148 3963 1199 4014 quo
1206 3947 1260 4012 jen
1271 3945 1336 3996 dixi·

242 4040 283 4087 n.
809 4045 866 4082 rnue
883 4044 933 4080 nrt.
953 4035 993 4079 te.
1025 4027 1093 4080 vide
1110 4025 1242 4078 Valetium
1264 4023 1337 4076 Mu·

276 4122 288 4149 ⁰
304 4113 382 4164 Finis
388 4109 521 4174 arduum]
539 4108 581 4158 Ad
592 4117 692 4157 mecm
702 4111 769 4156 etru-
809 4121 848 4158 ιν.
859 4111 884 4158 t.
895 4120 921 4170 p.
932 4109 989 4158 2⁰8.

243 4189 325 4242 endu
343 4187 476 4254 erellquie
491 4186 610 4236 nrburunr
622 4181 768 4248 generibur,
