3174 4900
511 410 609 458 uir..
625 409 724 460 uisu.
750 411 822 459 ms.
845 400 928 460 xvi.
947 397 1003 462 43.
1216 399 1304 468 esis

211 553 416 636 concipiunt,
428 553 525 620 floret
539 555 647 638 primo
672 553 819 620 omnium
840 552 1018 638 amygdalo
1039 573 1154 621 menso
1175 554 1305 624 lanua·

209 655 281 720 rio:
305 655 428 720 Martio
442 675 521 721 vero
535 675 673 739 pomum
688 663 856 724 mutaret.¹
892 655 950 722 Ab
964 675 1007 722 ea
1021 658 1173 740 proxime
1187 659 1306 726 florent

210 755 438 836 Armeniaca,b
459 758 536 822 duo
557 759 700 837 tuberes,
726 765 761 824 et
785 766 995 842 pnecocus:e
1016 759 1085 824 illae
1110 760 1305 842 peregrinas,

210 859 266 922 has
290 857 444 924 coactae.d
488 859 610 924 Ordine
638 869 748 927 autem
770 867 913 940 naturae,
948 861 1158 946 sylvestrium
1187 862 1305 945 primm

211 961 415 1039 sambucus:
437 962 491 1026 cui
507 961 655 1026 medulla
667 961 829 1045 plurima:
844 969 879 1026 et
893 962 949 1026 oui
965 961 1065 1037 nulla,
1081 980 1201 1027 coruus
1216 981 1307 1028 mes·

211 1063 300 1127 cula.
344 1063 567 1140 Urbanorum,
582 1064 712 1129 malus:
735 1082 908 1148 parvoque
921 1071 1014 1147 post,
1033 1068 1070 1130 ut
1084 1064 1184 1130 simul
1200 1062 1307 1130 videri

212 1163 333 1246 possit,
347 1165 454 1248 pirus,
471 1171 504 1230 et
526 1184 677 1242 cerasus,
700 1171 733 1228 et
755 1185 892 1249 prunus.
935 1164 1093 1248 Sequitur
1115 1165 1241 1244 laurus,
1267 1165 1307 1230 il·

210 1259 346 1348 lemque?
361 1283 558 1348 cupressus:
580 1268 657 1332 dein
672 1267 812 1345 Punica,
827 1267 894 1333 tici.
937 1267 987 1332 At
1001 1267 1085 1332 vites
1099 1272 1133 1331 et
1146 1267 1230 1332 olom
1244 1267 1308 1333 do-

210 1367 361 1430 rentibus
375 1366 447 1451 jam
470 1370 513 1432 iis
524 1370 717 1451 germinent.
760 1366 963 1452 Concipiunt
974 1367 1195 1450 Vergiliarum
1211 1387 1308 1434 exor-

212 1462 272 1530 tu!
313 1468 394 1534 Hoc
410 1469 505 1536 sidus
527 1470 659 1534 illarum
674 1475 736 1534 est.
780 1469 894 1534 Floret
916 1476 1029 1534 autem
1052 1469 1198 1535 solstitio
1214 1469 1308 1547 vitis,

213 1574 259 1644 et,
273 1588 350 1653 quse
365 1573 469 1655 paulo
484 1572 591 1636 serius
606 1571 736 1654 incipit,
753 1569 838 1654 olea.
861 1568 1096 1636 Deiloresouut
1110 1572 1220 1636 omnis
1232 1589 1308 1654 sep·

212 1669 300 1732 ienis
314 1673 445 1752 diebus,
460 1692 526 1737 non
541 1673 701 1737 celerius:
723 1670 881 1756 quaedam
894 1671 1029 1749 tardius,
1050 1671 1111 1736 sed
1126 1673 1220 1736 nulla
1235 1673 1309 1756 plu·

211 1769 306 1836 ribos
334 1774 387 1838 bis
410 1775 572 1858 septenis.
616 1773 740 1838 Omnis
762 1772 899 1836 etintra
920 1789 1001 1836 viii.
1025 1773 1107 1838 idus
1129 1773 1212 1840 iulii
1239 1779 1309 1838 ete,

163 1957 167 1964 .
212 1871 336 1936 siarum
350 1881 544 1956 praecursu.⁸

257 1987 373 2038 xuni.
392 1974 542 2060 (xxvi.)
552 1973 628 2039 Nec
644 1975 760 2042 statim
773 1975 902 2040 iructus
917 1976 1064 2058 sequitur
1078 1976 1112 2040 in
1126 1976 1307 2060 aliquibus.

213 2068 346 2138 Cornus
359 2073 474 2140 enim¹¹
489 2076 579 2140 circa
592 2077 736 2140 solstitia
749 2075 859 2140 reddit
870 2077 978 2158 primo
986 2077 1177 2154 candidum,
1189 2084 1309 2160 postes

90 2193 95 2206 ·
213 2176 438 2256 sanguineum.
481 2177 536 2240 Ex
560 2197 600 2240 eo
622 2197 738 2260 genere
766 2177 905 2242 foemina
931 2185 1009 2262 post
1029 2185 1221 2242 autumnum
1245 2177 1309 2240 sert

212 2274 337 2340 buccas
357 2279 505 2356 acerbes,
520 2286 554 2343 et
573 2279 792 2360 ingustabiles
813 2279 939 2354 cunctis
955 2280 1195 2346 animantibus:
1218 2278 1308 2360 liguo

213 2395 346 2460 quoque
363 2377 503 2460 fungosa
518 2387 552 2445 et
566 2381 716 2458 inutilis,¹
742 2401 817 2444 cum
831 2398 903 2443 mas
924 2400 944 2444 e
969 2375 1158 2445 fortissimis
1173 2400 1308 2464 quoque

215 2479 281 2542 sit:
304 2485 395 2543 tanta
410 2479 597 2545 differentia
620 2481 664 2544 ab
688 2481 806 2544 eodem
832 2477 970 2562 genere¹
993 2480 1041 2545 lit.
1085 2480 1153 2546 Sed
1177 2491 1211 2545 et
1224 2491 1307 2545 tere·

215 2577 372 2642 binthus¹
394 2577 578 2644 messibusj
601 2581 709 2644 reddit
724 2600 848 2657 semen,
862 2588 896 2644 et
910 2599 996 2658 seer,
1010 2587 1043 2644 et
1050 2581 1224 2645 fraxinus:
1246 2601 1309 2644 nu-

218 2700 287 2759 ces,
301 2687 335 2746 et
355 2681 455 2759 mala,
476 2687 509 2746 et
528 2683 614 2766 pira,
635 2689 854 2770 praeterquam
872 2682 1030 2767 hyberna,
1049 2689 1108 2746 aut
1126 2682 1307 2764 praecocia,

152 3057 153 3062 ’
245 3045 392 3096 Curam.
426 3044 627 3096 leodllalee.
642 3049 820 3108 mmmm.

246 3111 313 3162 Cur.
326 3123 406 3160 ιιιιι.
439 3115 452 3159 l
470 3111 539 3159 ‘bia
550 3109 652 3171 fugero
666 3115 690 3159 et
701 3107 801 3158 inutili!
819 3108 959 3158 Delon-i
976 3107 1069 3171 birago
1088 3105 1148 3157 edd.
1169 3105 1260 3158 Delon.
1281 3113 1310 3157 rt

709 3283 816 3336 NO’l'AE

244 3399 257 3436 ¹·
273 3399 426 3464 Ammineo]
450 3399 557 3452 Scilicet
577 3411 685 3468 prunus,
703 3399 738 3449 de
778 3405 849 3448 ortus
860 3395 952 3452 incinit
963 3397 988 3448 iu
1002 3409 1063 3448 riu.
1076 3397 1187 3450 Kalend.
1198 3397 1266 3465 dep
1278 3405 1307 3452 rt

215 3488 325 3541 qoexr.
338 3482 377 3527 ιι.
779 3475 1030 3527 discucurrisse.

246 3560 257 3587 ⁶
275 3552 406 3618 mama]
423 3554 527 3618 Nempe
536 3553 665 3618 praescia
676 3553 739 3605 Per·
799 3549 825 3584 'i
843 3551 935 3600 Gom
944 3548 1019 3613 erin]
1045 3549 1112 3602 linc
1128 3558 1258 3604 mutuatus
1273 3551 1307 3602 sd

216 3628 277 3688 sicr,
288 3629 320 3676 da
332 3630 424 3693 quibus
437 3643 488 3680 xv.
499 3633 540 3678 ll.
780 3625 886 3678 uerbum
897 3625 1048 3688 aibeopbr.
1059 3625 1129 3676 illst.
1137 3639 1181 3676 ιιι.
1192 3630 1218 3676 b.
1246 3631 1308 3687 lips·

246 3702 258 3738 ὖ
275 3703 323 3753 Ha
337 3705 436 3768 mia]
458 3705 500 3756 Ad
517 3703 669 3756 velociorem
687 3717 740 3754 ms·
781 3703 832 3752 nis
841 3700 994 3766 sinuavi
1006 3700 1093 3765 τροπὰς
1103 3701 1201 3764 θερινὰς,
1212 3709 1306 3752 ΜΛ.

214 3779 347 3830 mritstem
359 3788 415 3830 erte
436 3789 561 3844 evocate,
572 3787 668 3844 preter
678 3780 740 3830 insi·
813 3780 820 3814 ¹
835 3779 874 3831 Ab
892 3780 971 3831 mers
986 3778 1085 3842 em]
1101 3778 1189 3827 Tanta
1207 3783 1258 3836 ert,
1270 3776 1309 3826 in·

215 3863 267 3904 tum
281 3871 297 3904 s
308 3865 401 3906 ustura
412 3857 531 3906 indolem.
780 3858 847 3920 quit,
862 3857 887 3906 in
897 3869 962 3906 sexu
976 3853 1131 3914 differentia,
1142 3853 1183 3902 rel
1195 3853 1222 3902 iu
1234 3853 1309 3904 urbo·

239 3941 258 3972 -θ
274 3931 414 3995 mur]
433 3933 474 3983 Du
490 3947 583 3995 mus,
600 3933 677 3984 arbor
694 3947 738 3984 no·
779 3934 849 3984 ribos
868 3933 946 3983 etism
964 3930 1080 3995 ejusdem
1098 3928 1209 3991 generis.
1242 3929 1308 3978 'lire-

215 4007 322 4070 sintina,
333 4018 360 4058 et
371 4009 465 4071 passim
477 4008 502 4058 in
512 4007 623 4058 dometis
633 4009 717 4059 obsis.
779 4009 852 4071 opbr.
867 4005 977 4069 iareim
984 4005 1014 4056 'ii
1022 4005 1038 4064 ri
1047 4003 1145 4067 W
1152 4003 1204 4068 περὶ
1214 4003 1293 4067 ispa.

247 4081 257 4118 ¹
275 4083 365 4146 Vergil·
376 4084 471 4147 ems]
488 4083 595 4144 Deque,
606 4095 688 4134 xviri.
698 4087 739 4134 bii·
810 4082 819 4126 i
834 4083 883 4132 Sed
890 4089 914 4131 et
926 4115 933 4131 .
943 4116 950 4132 .
961 4115 968 4129 .
980 4081 1102 4145 κακῶν]
1117 4081 1245 4144 reecpit.
1256 4079 1309 4146 npl

246 4169 259 4204 ι
275 4161 410 4210 Etesiarum
418 4158 551 4222 prom]
568 4157 612 4212 sio
623 4161 700 4221 piane
710 4166 740 4212 tri
778 4159 851 4223 sapori
861 4155 960 4220 &parba
971 4158 1034 4207 eim
1044 4171 1139 4208 mrem
1150 4156 1235 4216 tritici,

216 4237 353 4293 etesiarum
375 4244 459 4286 ortum
485 4234 667 4288 anteveniam:
696 4235 741 4302 qui
