3062 4896
454 420 543 467 nar.
567 419 664 468 ursr.
689 418 760 467 ura.
783 417 882 466 xvir.
902 402 955 466 24.
1170 403 1255 468 2691

166 560 316 625 Tradunt
329 567 363 624 et
376 561 583 626 monedulam
600 562 795 626 condentem
810 561 934 626 semiue
954 560 987 624 iu
1009 561 1182 626 thesauros
1198 581 1251 626 ca-

168 681 352 739 vernarum:
366 662 514 744 ejusdem
530 663 574 726 rei
591 663 737 746 praebere
752 681 885 727 causas.

212 777 333 825 xxrrr.
355 762 448 826 Hine
476 769 554 826 nata
583 765 791 839 inoculatio,e
822 764 959 828 sutoriae
989 763 1089 826 simili
1118 758 1254 826 fistulad

166 863 338 944 aperiendi
353 863 384 925 in
400 865 515 927 arbore
532 866 688 928 oculum‘
711 864 837 928 cortice
854 864 983 938 exciso,
1005 883 1185 947 semenque
1204 864 1255 925 iu·

168 962 343 1027 eludendi¹
366 963 482 1027 cadem
498 963 611 1027 fistula
625 965 792 1028 sublatum
808 981 851 1026 ex
865 963 944 1028 alia.
989 965 1027 1026 Iu
1048 963 1121 1026 licis
1143 973 1251 1027 autem

166 1071 200 1126 ct
220 1063 319 1126 malis
341 1065 412 1128 haec
434 1063 498 1126 fuit
519 1064 699 1128 inoculatio
723 1065 868 1146 antiqua.
914 1062 1116 1145 Virgiliaua‘
1136 1065 1253 1146 quaerit

168 1163 299 1226 sinum⁸
319 1163 353 1225 iu
369 1163 457 1227 uodo
472 1183 609 1244 gemmae
629 1164 784 1247 expulsi²
807 1165 951 1241 codicia,
966 1183 1192 1247 gemmamque
1207 1183 1252 1228 cx

167 1264 233 1327 alia
247 1265 362 1327 arbore
377 1265 529 1328 includit.
574 1264 616 1328 Et
631 1266 791 1329 hacteuus
806 1271 922 1330 natura
935 1267 1012 1347 ipsa
1026 1264 1152 1330 docuit.

212 1379 325 1427 xxrv.
348 1364 541 1428 Insitienem
558 1373 669 1430 autern
686 1385 796 1442 casce,
811 1369 966 1446 magister
983 1368 1079 1442 alius,
1102 1375 1135 1430 ct
1158 1385 1253 1449 paenc

167 1464 383 1540 numerosior,
412 1465 453 1528 ad
482 1465 569 1529 hunc
598 1466 743 1531 modum.
788 1466 945 1548 Agricola
974 1467 1109 1531 sedulus
1139 1487 1252 1532 casam
1337 1469 1344 1476 '

166 1565 258 1647 sepis
283 1565 482 1630 munimento
505 1568 647 1648 cingens,
672 1587 737 1650 quo
759 1569 867 1632 minus
890 1574 1110 1649 putrescerent
1134 1568 1250 1645 sudes,

165 1665 265 1730 limen
285 1666 432 1729 subdidit
453 1687 494 1730 ex
518 1667 651 1730 hedera.
697 1666 745 1730 At
769 1668 836 1731 illae
862 1669 971 1732 vivaci
996 1688 1106 1733 morsu
1132 1688 1253 1751 uppre-

165 1764 288 1844 lrensac,
304 1786 397 1830 suam
413 1785 456 1832 ex
471 1767 581 1833 aliena
595 1767 825 1845 feccrevitam,
842 1765 1086 1851 apparuitqueh
1102 1778 1251 1833 truncum

620 1917 800 1951 iuuenem»

198 2027 266 2076 Car.
283 2037 365 2074 xxrrr.
401 2030 413 2074 1
432 2026 618 2077 micernium
637 2029 770 2091 aperiendo,
788 2032 829 2091 tre.
849 2028 1044 2078 includenda-2
1061 2029 1153 2078 Dalec.
1174 2029 1252 2079 ainata

163 2103 263 2150 gemme
271 2089 297 2137 in
308 2090 366 2138 rodo
376 2090 459 2138 miei.

653 2173 763 2223 NOTAE

196 2268 368 2332 stmulo]
381 2268 483 2319 Graecia
498 2269 692 2333 incommotos,
728 2271 819 2334 primia
838 2271 988 2321 Columellre
1008 2284 1066 2320 vox.
1099 2271 1253 2335 Uaegreffe:

165 2342 265 2393 atinde
284 2341 470 2405 incomptior.
505 2345 622 2393 lieceeait
640 2359 691 2393 om·
727 2343 917 2408 Theophrasto,
926 2345 1016 2407 letrae,
1024 2345 1056 2396 de
1065 2347 1165 2404 Cauair,
1176 2347 1220 2396 lib.
1233 2362 1252 2396 r.

165 2417 226 2467 nino
243 2417 316 2467 nebia
337 2418 385 2467 lroc
413 2417 540 2467 inserendi
558 2433 639 2481 genna
660 2419 691 2468 ab
728 2419 772 2468 Sic
783 2419 849 2468 idem
861 2419 959 2469 Plinius
969 2421 1061 2470 iterum
1075 2419 1180 2470 inierim
1192 2435 1251 2486 cap.

165 2508 221 2543 tran.
256 2494 347 2543 Altera
364 2495 419 2542 lraec
438 2495 525 2543 insitio
548 2503 596 2551 eat,
616 2509 691 2558 quarn
728 2495 924 2544 annumero
937 2497 1026 2544 vitium
1041 2497 1252 2558 errrculiaapenc:

166 2567 309 2618 Columella
329 2565 405 2616 affert
422 2581 448 2616 v.
465 2571 505 2616 ll.
520 2568 553 2616 de
571 2569 691 2616 insitione
728 2567 995 2631 ‘intercaee,’inqnir,
1011 2575 1134 2631 'oportet
1146 2572 1170 2617 in
1184 2571 1252 2632 plan·

81 2683 89 2703 ,
166 2641 297 2702 arborum,
318 2655 343 2704 p.
353 2645 412 2690 2⁰8.
430 2641 509 2690 ‘'l'ria
527 2655 620 2704 genera
632 2657 692 2704 por·
729 2642 795 2690 tario
807 2641 974 2705 sesquipedes
986 2641 1122 2692 interbiua
1133 2643 1253 2692 semina!

165 2717 214 2773 ro,'
225 2717 315 2780 inquit,
336 2715 502 2764 ‘insitionum
519 2718 618 2780 antiqui
640 2724 690 2765 tra·
759 2724 771 2750 ’
789 2715 903 2778 Oratam]
915 2717 1047 2777 Germiua,
1059 2716 1151 2781 quibu·
1163 2719 1188 2765 iu
1205 2717 1251 2767 tlo-

165 2790 297 2840 dldcruut.
325 2791 409 2840 Unum
421 2805 471 2853 quo
483 2800 583 2841 resecta
594 2799 621 2840 ct
632 2791 692 2840 tiraa
728 2803 769 2838 rea
781 2797 825 2838 aut
836 2787 898 2838 folla
916 2791 990 2840 arbor
1009 2790 1171 2853 protuberat,
1193 2805 1253 2841 ocu·

165 2867 242 2916 arbor
253 2873 370 2916 retectos
382 2866 496 2914 rrrrculoe
508 2867 613 2929 accipit.
647 2865 692 2916 Al·
729 2865 781 2914 lum
792 2871 820 2914 at
834 2879 960 2928 gemmam
970 2870 1062 2914 vocant
1074 2881 1080 2914 r
1099 2867 1200 2915 oculum
1213 2865 1252 2915 iu·

164 2948 247 2991 terum
266 2955 317 3006 qno
343 2941 533 2990 reuecta-iuter
551 2941 643 2991 librum
663 2949 692 2991 at
729 2939 828 3002 primia,
838 2947 948 3002 propter
965 2944 1173 3003 eormgatrenem
1195 2955 1252 2990 ccr-

164 3016 297 3068 materiam
315 3015 413 3064 semina
431 3016 604 3066 admittit.·..
625 3017 690 3067 Ter·
728 3015 793 3075 ticin,
806 3028 863 3077 quur
880 3015 1100 3078 circumplicatam
1120 3015 1251 3065 oculorum
1285 3009 1287 3016 ’

165 3093 227 3142 tium
240 3106 290 3157 qno
308 3091 376 3154 iprae
396 3105 509 3154 gemmae
523 3105 581 3140 cum
597 3092 690 3154 exigno
728 3088 865 3137 cuticulam
876 3089 1000 3138 imitatur.
1014 3089 1053 3138 Ua
1064 3090 1200 3150 Borrgm.

164 3169 262 3218 cortica
279 3168 306 3214 iu
319 3171 417 3229 partem
437 3166 475 3214 eni
487 3166 638 3216 delibratam
652 3181 691 3216 re·
760 3163 771 3196 s
788 3165 934 3227 virgitione]
951 3166 1047 3230 θεοῖς.
1066 3181 1099 3216 rr.
1115 3171 1156 3216 tt.
1173 3167 1250 3218 ‘Nec

166 3241 239 3306 cipit,
251 3255 326 3307 quam
338 3247 433 3291 vocant
449 3242 571 3303 agricola
582 3244 690 3306 empleu-
728 3240 817 3289 modun
835 3241 948 3290 interere
967 3250 1045 3306 atque
1063 3243 1152 3292 oculus
1171 3243 1251 3306 impe·

166 3316 690 3381 tratienam,vel,utquidam,inocnlatio·
728 3331 788 3365 uere
810 3317 926 3380 aimplex.
961 3318 1027 3366 Nam
1048 3330 1100 3382 qna
1119 3331 1147 3365 re
1167 3317 1251 3366 medlo

165 3392 243 3442 nem!
727 3391 834 3442 trudunt
856 3392 889 3441 de
908 3393 1005 3442 cortice
1025 3405 1143 3455 gemma,
1162 3392 1196 3441 Et
1214 3398 1252 3441 te·

196 3465 326 3528 ‘FistuluJ
345 3465 430 3517 druto
441 3467 541 3531 rcalpro
552 3481 596 3516 aen
610 3466 690 3517 ferra·
726 3481 790 3516 uuaa
809 3475 931 3530 rumpunt
954 3468 1063 3529 tunicae,
1084 3475 1207 3529 anguntur
1224 3467 1249 3516 in

166 3548 263 3601 manto,
275 3541 350 3601 quala
365 3549 465 3592 antoree
485 3543 590 3605 habant,
603 3543 689 3608 (tietu-
727 3541 782 3605 ipso
802 3543 844 3591 Fit
862 3543 928 3590 nodo
950 3542 1038 3592 aiunt:
1056 3541 1104 3590 lruc
1123 3542 1205 3592 alicua
1217 3555 1250 3590 ea

164 3619 215 3666 lam
233 3616 345 3682 vocant)
364 3627 452 3668 cortex
470 3619 598 3668 exciditur
614 3617 688 3667 timul
728 3616 819 3666 arbore
826 3630 929 3678 germen
938 3617 1087 3680 lnclnduut,
1095 3615 1197 3680 udoque
1206 3616 1251 3665 do·

165 3693 489 3755 cnm'oculoriregcmma:
508 3709 558 3743 uon
570 3694 690 3754 eximitur
727 3699 788 3740 cent
801 3691 942 3740 inolescere
960 3691 1042 3740 libro.'

165 3776 270 3817 tamen:
287 3769 314 3816 iu
337 3781 393 3817 cam
416 3768 509 3818 deiude
528 3770 629 3831 pingam
652 3781 691 3815 ae·
760 3768 880 3832 rutam]
903 3769 1043 3818 Fiaanram.
1071 3768 1249 3832 HucVirgili·

165 3855 223 3891 men
241 3843 347 3892 alteriue
362 3841 461 3890 arboria
482 3841 632 3904 includitur,
647 3855 690 3890 ea·
727 3857 775 3892 aua
803 3843 877 3903 ratio,
898 3857 947 3891 uec
966 3851 1081 3892 veterum
1112 3843 1251 3893 inoculatio

165 3918 223 3967 dere
234 3917 321 3967 tiatula
332 3916 469 3966 sublatum.
491 3918 631 3966 Eatantem
642 3916 690 3965 lroc
727 3917 786 3978 luit,
798 3931 846 3966 uec
865 3917 1036 3980 portariorum
1056 3918 1249 3980 emplaatratio:

164 3994 221 4042 leco
240 4005 335 4052 aeman,
354 4007 405 4042 uon
430 3993 518 4042 sciuua
541 3992 689 4053 nucleum,
728 4007 872 4056 quanquam
899 3993 935 4040 ita
956 3992 1124 4055 Dalccampio
1145 3995 1250 4059 alliaque

164 4067 246 4132 qualia
265 4066 291 4114 in
308 4066 390 4126 malie,
403 4066 474 4128 piria,
490 4079 520 4114 ac
537 4065 631 4114 eeraair
650 4066 688 4114 iu·
727 4066 809 4114 virum
822 4072 871 4113 ert.

88 4175 95 4189 .
165 4140 557 4205 telligituuaadrnrculuripre
574 4142 687 4190 inearen·
759 4140 960 4204 lapponum]
982 4143 1136 4192 Deaumturu
1160 4145 1248 4194 lroca

164 4215 227 4266 dur:
248 4229 298 4281 quo
309 4213 454 4280 significatu
466 4215 599 4265 familiaria
610 4229 640 4266 aa
650 4215 687 4264 iu·
726 4214 894 4278 'siemundo
906 4217 994 4266 Caualr
1004 4217 1090 4266 Plaut.
1100 4222 1178 4284 ruiti.
1188 4233 1247 4282 pap.
