3092 4878
478 421 564 469 usu.
587 419 685 468 nter.
710 421 784 470 urs.
808 421 898 470 ιιιιι.
920 407 953 469 J.
1167 404 1253 470 2269

164 567 274 649 Syrie,
287 563 446 649 AEgypto,
460 565 666 654 quadrimus:
682 566 806 648 aliquae
819 567 1065 648 quinquenne&
1082 563 1255 628 altitudine

163 666 317 742 nominis,
332 665 422 729 uullo
435 667 525 730 intus
540 667 632 748 pomi
657 666 760 748 ligno,
774 666 932 749 quamdiu
950 670 1026 728 snut
1043 665 1196 740 novellae,
1210 667 1254 730 ob

163 765 197 830 id
207 767 418 850 spadonum³
440 771 583 849 accepto
596 767 743 830 nomino.

208 883 266 931 rx.
289 867 420 932 Genera
435 887 548 932 earum
568 867 684 932 multa.
728 867 908 932 Sterilibns
933 868 975 931 ad
990 867 1160 945 materias,
1173 886 1257 951 ope·

164 987 306 1054 rumque
317 971 480 1046 lautioru,¹
494 970 599 1034 utitur
607 969 750 1054 Assyria
762 980 797 1033 et
806 977 880 1033 tota
894 967 1022 1032 Persis.
1043 969 1131 1033 Sunt
1141 977 1176 1032 et
1189 989 1257 1034 cre-
1275 1025 1279 1031 .

166 1070 266 1135 duae‘
289 1071 474 1154 palmarum
497 1090 632 1155 quoqne
653 1073 769 1156 sylvae,
784 1071 1005 1153 germinantes
1019 1089 1134 1134 rursus
1149 1072 1191 1134 ab
1206 1089 1257 1135 ra·

165 1170 241 1236 dire
257 1174 415 1239 succisoe.
456 1172 577 1238 Dulcis
601 1173 750 1238 medulla
764 1191 877 1238 earum
898 1173 932 1236 in
954 1171 1140 1249 cacumine,
1167 1171 1258 1255 quod

167 1272 364 1338 cerebrumr
384 1273 578 1357 appellant:
601 1281 824 1358 oremusque·
838 1275 965 1350 vivunt,
981 1273 1071 1358 quod
1086 1292 1153 1336 nou
1168 1273 1256 1336 aliae.

168 1371 348 1438 Vocantur
372 1383 482 1438 autam
511 1375 762 1458 charnrerepen,q
784 1375 865 1441 folio
890 1374 1007 1440 latiore
1031 1393 1071 1440 ac
1094 1375 1198 1452 molli,
1213 1374 1257 1438 ad

166 1473 276 1538 vitilia
291 1475 483 1540 utilissimo.
525 1475 684 1559 Copiosae
705 1476 738 1540 iu
763 1477 873 1552 Creta,
889 1477 946 1541 sed
964 1478 1069 1560 magis
1083 1477 1117 1540 in
1131 1477 1258 1541 Sicilia.

168 1573 199 1638 E
214 1576 335 1657 palmis
349 1597 466 1659 prunae
479 1578 628 1655 vivaces,
643 1578 795 1661 ignisque
808 1579 939 1643 lentus.3

213 1677 470 1743 Fructil‘erarnm
492 1680 569 1744 eliis
591 1680 724 1743 brevius
754 1680 896 1762 liguum*
915 1681 951 1744 iu
967 1697 1080 1762 pomo,
1095 1677 1173 1742 aliis
1188 1677 1260 1742 lon·

168 1779 264 1860 gius:
287 1779 340 1843 his
364 1780 514 1857 mollius,
537 1781 603 1844 illis
628 1781 763 1845 durius:
786 1781 986 1864 quibusdam
1012 1797 1147 1845 osseum
1167 1778 1260 1841 luno·

169 1890 318 1964 tumque,
327 1882 425 1946 dente
439 1887 553 1946 contra
566 1881 768 1946 fascinantes
780 1887 797 1929 4
807 1883 966 1964 religione
979 1880 1136 1964 politum.
1158 1876 1261 1942 Aliud

169 1982 321 2064 pluribus
336 1984 493 2048 vestitum
503 1984 762 2066 paucioribusve
773 1983 915 2048 tunicis:
938 1983 1029 2048 alind
1040 1981 1261 2046 crassioribus

169 2084 426 2150 tenuioribusve.
471 2083 527 2148 Itu
548 2084 631 2150 finnt
645 2085 975 2168 undequinquaginta
989 2102 1116 2167 genera,
1137 2082 1262 2165 siquis

169 2185 313 2248 omnium
328 2185 483 2269 persequi
497 2185 579 2249 velit
593 2185 727 2248 uomina
748 2185 847 2249 etiam
874 2187 1023 2261 barbara,
1048 2185 1264 2265 vinorumque

169 2303 213 2348 ex
227 2284 272 2348 iis
287 2285 499 2348 differentias.
537 2283 740 2350 Clarissima
754 2292 786 2332 ⁵¹
807 2287 966 2361 omnium,
981 2305 1064 2369 quus
1080 2284 1188 2364 regias
1203 2303 1264 2365 ap·

170 2385 340 2467 pellavere
353 2387 397 2450 ab
413 2385 549 2465 honore,
565 2387 727 2470 qnoniam
743 2389 876 2470 regibus
892 2393 1021 2450 tanturn
1033 2385 1185 2450 Persidis
1198 2403 1264 2447 ser·
1292 2435 1294 2442 .

171 2670 283 2712 receuti.
297 2663 324 2712 iu
336 2665 408 2712 Crete
419 2669 441 2712 et
453 2668 541 2727 terror,
552 2665 657 2728 quoednm
667 2671 691 2716 ei
702 2667 727 2715 ie
738 2667 819 2728 quinos
829 2665 942 2716 Gronov.
953 2673 980 2714 et
990 2665 1023 2714 sl.
1033 2673 1094 2716 ante
1103 2663 1228 2714 Herduin.
1241 2664 1267 2711 r'rr

174 2729 203 2776 C.
215 2734 239 2776 et
250 2731 329 2776 ternos
338 2729 488 2790 quadamque
497 2729 522 2776 in
534 2729 617 2790 quinos
628 2727 759 2779 cuim-e
779 2729 820 2778 lta
831 2729 906 2779 codd.
922 2729 1048 2778 Hurdnin.
1058 2743 1116 2778 cunr
1128 2729 1188 2776 edd.
1198 2727 1266 2776 Hur-

173 2790 243 2840 duiu.
256 2799 283 2839 et
297 2799 407 2841 recenti.
423 2792 552 2854 quadrimo
562 2794 625 2854 ulioe,
635 2795 689 2841 ulioe
698 2793 854 2856 quinquennes
864 2793 979 2842 Gronov.
991 2801 1017 2842 et
1028 2796 1111 2855 unlgg.
1133 2793 1205 2852 illex,
1214 2792 1267 2838 uiioe

173 2855 302 2904 uunwtee
315 2856 401 2903 Peene.

205 2920 274 2968 Cer.
286 2931 328 2967 rx.
362 2923 375 2968 1
389 2917 454 2968 Cori.
465 2919 556 2967 Delec.
573 2934 686 2983 meque
697 2921 808 2970 lautiora.
841 2920 935 2982 Margo
945 2918 1004 2967 edd.
1013 2919 1105 2968 Dulce.
1114 2925 1141 2966 et
1154 2917 1268 2965 Gronov.

173 2985 204 3030 ud
215 2983 287 3031 lector
296 2987 318 3030 et
330 2995 395 3044 reus,
406 2983 606 3045 &lincolie-²
617 2982 701 3032 eniel.
711 2989 870 3047 exemptoque.
905 2985 979 3041 nter,
990 2984 1144 3044 clampre
1152 2982 1267 3030 Gronov.

173 3050 222 3094 -8
242 3047 282 3094 Ex
298 3047 384 3108 palude
398 3061 423 3108 ρ.
440 3061 464 3094 o.
481 3046 605 3109 agnoque
622 3047 707 3096 lenitur
722 3049 778 3096 cod.
798 3048 933 3096 Dulce-l
953 3047 1025 3096 lderu
1036 3045 1128 3098 codex.
1145 3046 1270 3106 lassataque

173 3110 411 3168 deutesertinenterr
429 3111 515 3160 Purus.
526 3111 664 3174 liruutuqur,
673 3113 713 3174 ic.
732 3110 817 3161 cntffl.
829 3113 989 3176 limatumque,
1000 3115 1088 3174 εγω-5
1102 3109 1166 3159 Cori.
1178 3109 1268 3158 Delon.

673 3273 779 3323 NOTAE

176 3383 300 3437 cuudtore
312 3383 422 3449 quodem
434 3386 525 3448 palmer
538 3399 633 3448 genere
645 3399 704 3434 ner·
746 3387 813 3449 apud
830 3387 961 3450 Theophr.
978 3385 1082 3447 legitur.
1099 3381 1271 3444 χαμαιρριφεῖι.

177 3472 218 3511 rut
228 3460 358 3521 Thronlrr.
369 3460 416 3510 loe.
428 3461 473 3509 cit.
745 3461 791 3510 Est
803 3461 870 3510 enirn
882 3462 977 3510 trnruiie
991 3458 1082 3522 naturae
1094 3471 1183 3520 genus,
1204 3458 1271 3504 trude

208 3545 220 3571 θ
237 3537 382 3601 Sindonum
409 3535 450 3586 ΑΙ)
465 3535 615 3600 Aristotele,
628 3537 705 3585 εὐνοῦ-
746 3551 849 3586 nornen.
872 3536 975 3596 suidas,
986 3531 1138 3596 χιψαιρεπὶς,
1148 3529 1223 3593 χαμαὶ
1234 3529 1272 3592 ῥέ·

176 3633 224 3676 χοι,
235 3616 356 3678 spadones,
369 3622 396 3662 et
409 3612 515 3676 Ενορχοι,
524 3615 596 3678 qrrasi
608 3615 706 3662 testibus
744 3629 798 3661 πον.
833 3609 918 3674 Hujus
931 3612 1022 3674 palrnae
1040 3607 1150 3672 effigiem
1165 3607 1272 3656 exhibet

175 3695 292 3751 carentes,
313 3697 340 3737 et
359 3686 480 3751 deipara,
498 3689 575 3738 nuclei
589 3692 705 3752 expertes,
746 3688 839 3737 Dulce.
851 3687 919 3736 Hirr.
931 3688 948 3736 1.
958 3699 1001 3736 ιιι.
1014 3701 1073 3750 cup.
1085 3686 1132 3734 ult.
1145 3699 1203 3746 pug-
1215 3687 1272 3731 369.

176 3766 351 3830 appellantur,
363 3765 399 3814 itu
411 3763 540 3814 referente
553 3764 647 3814 Athen.
658 3764 703 3814 lib.
747 3775 779 3810 ex
791 3761 938 3812 ΜιιιιΙιίοΙο.
957 3761 1090 3823 Cesoglioni
1099 3767 1191 3808 vocant
1201 3755 1274 3818 Itali,

177 3843 343 3903 xenonis.
412 3845 424 3864 ‘
746 3835 836 3898 Siculi,
856 3837 949 3894 Sardi,
962 3837 1046 3900 inquit
1067 3833 1218 3897 Anguilluru
1240 3831 1272 3880 de

210 3924 222 3950 ⁰
239 3917 301 3965 Surrt
318 3921 342 3964 et
357 3915 456 3978 coedroe]
472 3915 600 3980 Theophr.
616 3913 704 3964 iisdem
748 3911 956 3974 Simp.purt.1v.
969 3930 993 3972 p.
1006 3913 1047 3958 tl.

178 3993 274 4052 verbis,
287 3991 337 4040 loc.
349 3991 393 4038 cir.
778 3987 907 4037 rBreoiue
929 3985 1030 4046 liguum]
1057 3983 1182 4038 Nuclous,
1203 3982 1271 4048 qnod

210 4063 376 4134 recrearem]
386 4063 566 4128 Ἐγκέφαλονεῐ
577 4062 708 4127 ἐγκάρδιον,
746 4063 788 4111 elii
798 4065 933 4110 ossiculum
947 4070 1048 4110 vocant.
1070 4059 1179 4108 Hucex
1189 4054 1273 4107 Theo·

179 4149 208 4191 ot
221 4141 341 4190 diuinurs.
748 4139 803 4203 plur.
816 4139 887 4187 Hirr.
899 4150 929 4186 ιι.
940 4141 963 4185 8.
1223 4183 1225 4188 .

211 4225 223 4258 t
237 4217 412 4282 Cdomureprs]
425 4215 707 4279 xenerdlrreis,sive,ot
779 4221 788 4245 ¹
807 4211 963 4274 Clarissima]
979 4212 1107 4276 Tlreophr.
1120 4211 1168 4260 loc.
1181 4211 1225 4259 cit.
