3174 4900
530 402 620 452 issu.
643 401 743 452 rursu.
768 399 848 452 nris
864 401 945 450 xvi.
970 387 1023 452 56.
1234 383 1321 451 2669

228 544 337 610 natrix
359 543 538 608 hebetavit.
583 543 671 622 Quoe
686 544 832 609 dividuis
848 543 881 608 iu
901 549 1017 608 ramo⁸
1037 533 1149 607 natura
1173 548 1233 621 est,
1249 543 1321 610 brac

228 647 289 710 viti
304 647 338 710 in
349 647 460 722 oculo,
472 645 623 710 arundini
635 647 668 708 in
683 647 850 728 geniculo.
894 645 1049 708 Omnium
1063 650 1156 708 terrae
1167 647 1322 728 proxima

228 745 406 812 crassiora.
450 746 490 809 ln
504 745 739 828 longitudinem
754 751 952 810 excrescunt
967 745 1073 822 abies,
1087 745 1184 820 larix,
1199 747 1321 828 palma,

227 866 420 930 cupressus,
436 847 556 924 ulmus,
571 853 603 911 et
616 849 647 912 si
662 867 728 932 qua
742 843 944 931 unistirpia.‘¹
987 846 1212 911 Ramosarum
1228 865 1320 912 cera·

228 968 286 1012 sus
309 950 411 1013 etiam
429 949 462 1012 iu
488 965 552 1012 xa.
575 950 781 1014 cubitorum⁶
818 950 938 1025 trabes,
966 949 1090 1031 aequali
1112 967 1171 1030 per
1194 954 1319 1012 totsm¹

227 1049 328 1114 duum
342 1050 530 1114 cubitorum
542 1051 765 1115 crassitudine
779 1053 965 1135 reperitur.¹
1009 1049 1176 1128 Quaedam
1187 1051 1299 1115 statim
1308 1045 1328 1105 f.

227 1150 261 1214 in
275 1169 385 1215 ramos
400 1155 608 1235 sparguntur,
624 1159 660 1216 ut
673 1153 765 1216 mali.

240 1277 244 1288 ·
275 1269 333 1317 nv.
355 1250 509 1336 (xxxi.)
530 1253 654 1319 Cortex
673 1254 772 1318 aliis⁸
794 1255 912 1333 tenuis,
938 1259 976 1318 ut
1000 1254 1105 1331 lauro,
1120 1253 1222 1318 tiliae:
1246 1251 1323 1320 aliis

228 1343 372 1433 crassnsj
387 1361 426 1418 ut
441 1355 563 1420 robori.
592 1353 682 1419 Aliis
697 1355 805 1432 laevis,
820 1363 858 1420 ut
870 1357 971 1433 malo,
986 1356 1063 1420 fico.
1097 1355 1191 1419 ldesn
1205 1356 1324 1420 scaber

228 1454 348 1532 robori,
362 1455 495 1538 palmea.
540 1454 705 1521 Omnibus
721 1457 754 1521 in
770 1461 905 1522 seneota
920 1459 1082 1540 rugosior.
1110 1455 1322 1535 Quibusdam

228 1554 415 1638 rumpiturh
432 1565 566 1640 sponte,
580 1565 619 1622 ut
630 1560 701 1624 viti.
746 1557 958 1637 Quibusdam
970 1561 1071 1624 etium
1082 1559 1186 1636 cadit,
1204 1568 1239 1623 ut
1252 1578 1324 1623 ma·

227 1655 271 1732 lo,
287 1659 448 1724 unedoni:
472 1679 644 1737 carnosus,
660 1662 782 1739 suberi,
798 1661 949 1745 populo:
971 1655 1266 1738 membranaceae,¹
1287 1667 1324 1722 ut

228 1757 299 1834 riti,
315 1759 485 1824 arundinis
506 1761 601 1826 libris
624 1762 755 1840 similis,
778 1781 913 1827 ceraso:
936 1764 1111 1845 multiplex
1130 1762 1263 1838 tunicis,
1287 1767 1324 1824 ut
1385 1751 1392 1764 '

228 1859 367 1939 vitibus,
390 1863 484 1942 tiliae,
508 1863 623 1928 abieti.
643 1871 646 1874 '
665 1863 876 1942 Quibusdam
905 1863 1060 1947 simplex,
1079 1869 1115 1928 ut
1129 1859 1214 1941 lico,‘
1227 1879 1323 1926 arun·

229 1957 309 2023 diui.

274 2077 348 2138 syr.
370 2060 496 2146 Magna
510 2071 545 2128 et
558 2064 730 2130 rudiouml
752 2065 948 2131 differentia.
993 2064 1153 2147 Copiosea
1168 2063 1246 2142 lico,
1267 2084 1321 2129 ro-

228 2161 310 2240 bori,
336 2164 492 2246 platano:
515 2169 633 2232 breves
646 2173 679 2232 et
692 2174 844 2251 angustae
859 2166 969 2232 malo:
994 2167 1180 2250 singulares
1203 2166 1318 2241 abieti,

685 2349 864 2372 OONOM

260 2491 327 2542 cius.
339 2505 395 2542 niv.
428 2496 441 2541 l
460 2494 502 2543 lte
512 2493 587 2545 codd.
601 2495 729 2545 llsrdninl
739 2502 765 2545 et
777 2494 861 2546 chiffl.
874 2509 932 2544 eum
944 2494 1003 2545 edd.
1015 2495 1143 2544 Hsrduin.
1157 2499 1181 2543 l.
1192 2498 1217 2545 t.
1228 2497 1252 2544 t.
1261 2493 1321 2543 Mil·

229 2555 276 2605 ler.
287 2556 392 2620 Ripont.
403 2566 430 2605 et
443 2558 532 2607 Frena.
549 2563 625 2608 totuss
638 2560 754 2612 Gronov.
766 2567 794 2610 et
804 2560 837 2610 ul.
849 2568 909 2610 unte
923 2558 1146 2609 nerduinum-2
1163 2558 1277 2608 Verbum
1288 2572 1326 2606 re·

225 2621 318 2683 prmus
328 2622 402 2682 deest
414 2622 440 2670 in
452 2622 511 2671 rud.
523 2621 615 2672 Deles.

718 2768 826 2818 NOTAE

227 2862 355 2911 mutescere
376 2862 533 2925 respondere
555 2863 757 2926 Tbeopbrssteae
828 2864 886 2914 ‘Is
899 2863 956 2912 XL.
963 2861 1105 2924 autumus]
1123 2859 1189 2911 vtde
1202 2861 1286 2911 Notas
1297 2867 1326 2910 et

228 2936 286 2986 soci
298 2935 458 3001 ἐκβιάζεσθαι,
471 2955 504 2989 sx
521 2941 579 2989 loeo
588 2941 680 3001 struto,
691 2937 756 2988 fslso
797 2939 906 2990 Emend.
920 2953 988 2989 num.
999 2943 1039 2988 lt.

227 3011 339 3063 credidit
367 3015 555 3066 Constantinus
584 3016 609 3064 in
642 3015 755 3064 uuicos
828 3014 839 3050 ¹
853 3017 968 3072 Quodam
988 3014 1082 3078 statim]
1118 3013 1249 3076 'mespha
1274 3013 1324 3062 loo.

228 3103 286 3139 euru
299 3091 341 3140 isti
355 3092 454 3141 busina
465 3097 507 3141 sut
516 3107 594 3155 purus,
603 3094 642 3156 tre.
659 3091 756 3142 Graece
796 3092 841 3142 eit.
853 3092 922 3142 'bur
932 3091 958 3141 tl
974 3090 1040 3141 ritis
1051 3088 1171 3153 σχίζεται,
1191 3087 1240 3138 sior
1254 3088 1324 3149 ἥμη-

229 3167 393 3230 reqnissleet.
796 3169 850 3219 ists.

260 3243 350 3298 ‘Qua
371 3243 476 3293 dividuis
495 3245 519 3293 irs
539 3242 616 3306 muso]
640 3243 756 3295 Quodis
829 3246 951 3294 rumex
976 3243 1043 3307 eliis]
1071 3243 1135 3294 One
1163 3243 1195 3292 de
1220 3239 1325 3291 sortiris

228 3316 491 3383 arboribusqusmm
509 3317 758 3378 reudexdisiditur‚
797 3319 934 3382 multiplici
968 3327 1060 3368 astura
1097 3319 1139 3367 bie
1171 3317 1326 3382 produntur,

229 3405 315 3442 remus
335 3402 384 3449 est,
400 3395 448 3443 boc
467 3395 492 3441 in
514 3393 566 3442 site
584 3392 683 3455 oculus,
703 3391 757 3441 siue
796 3395 972 3458 Theophrasto
984 3393 1131 3456 reserenda,
1143 3393 1213 3443 lllst.
1227 3407 1245 3444 ι.
1256 3398 1280 3442 8.

229 3480 338 3530 gemme,
355 3471 380 3518 in
398 3469 523 3519 arundine
534 3466 682 3532 geniculum
699 3471 756 3516 est:
828 3468 841 3503 h
858 3469 1004 3525 Quibusdam
1013 3469 1144 3532 rumpitur]
1163 3467 1230 3517 ‘ttae
1245 3465 1271 3516 tl
1288 3465 1328 3516 uel

229 3545 755 3608 omniumuutrsrssimillr,eslsmltsspsr:
794 3544 928 3610 tuttundo,
950 3546 987 3596 ric
1009 3547 1076 3595 enlm
1103 3543 1170 3606 spud
1197 3543 1325 3607 Tbeopbr.

229 3617 319 3669 iisdem
331 3621 443 3672 obnoxie
454 3631 549 3672 ennete
569 3621 681 3682 essibus,
701 3621 756 3670 sire
797 3621 848 3686 legi
860 3627 991 3684 oportere,
1000 3635 1052 3668 non
1064 3617 1195 3682 ῥιζόφλοια,
1206 3624 1233 3668 et
1243 3618 1324 3666 Plini·
1365 3619 1368 3624 ’

229 3705 327 3744 ustura
340 3696 411 3753 uisis,
426 3712 470 3746 seu
483 3698 588 3746 lusione
603 3711 634 3745 es
652 3697 769 3762 injurie-¹
792 3712 827 3747 us
837 3698 967 3752 admonet,
979 3705 1007 3746 et
1018 3697 1181 3758 experientis
1191 3693 1278 3742 docet.

229 3783 280 3834 que
307 3770 437 3820 bominum
465 3772 594 3822 eccideot.
625 3773 757 3835 Theopbr.
829 3771 1057 3834 mensurandam]
1086 3771 1218 3819 Nereosus
1245 3766 1328 3830 gruel·

228 3847 278 3896 loe.
289 3846 335 3896 rit·
351 3847 391 3896 'tls
403 3847 470 3908 aas
487 3844 541 3906 dl'or
557 3847 582 3894 du
599 3848 650 3897 soie
666 3845 758 3905 ἄλλοις,
798 3850 932 3912 lisque,ac
945 3847 1048 3897 minime
1060 3841 1327 3904 secundusomne

229 3920 290 3970 ubres
309 3921 348 3970 καὶ
366 3920 488 3984 ὀφθαλμὸς
507 3924 533 3971 dr
552 3920 659 3984 ἀμπέλῳ,
675 3922 713 3971 sol
732 3925 759 3972 tr
798 3921 1025 3986 &unemundus
1034 3920 1152 3982 durtieres,
1170 3917 1283 3980 καλάμου,
1302 3935 1325 3968 ιι.
1389 3988 1392 3996 .

229 3995 327 4058 καλάμῳ
335 3995 404 4058 γόνυ.
798 4016 822 4050 r.
832 4008 858 4048 il.

261 4071 273 4107 ‘¹
294 4073 442 4136 Ursists'rpr'o]
458 4071 523 4122 Ques
545 4071 699 4134 simpliciore
721 4086 760 4122 us·
828 4071 1109 4135 tMsgssetrudieum]
1127 4071 1194 4122 llaec
1211 4071 1325 4122 ndloom

229 4157 338 4214 surgunt
353 4150 470 4208 cursdiee,
486 4149 661 4212 poumealxrr.
694 4150 758 4201 'lbe-
800 4145 945 4197 differentis
954 4147 1074 4211 proditur
1085 4147 1192 4199 totidem
1204 4147 1259 4200 tere
1271 4161 1327 4197 ser-

230 4227 305 4292 opbr.
318 4227 387 4278 llist.
400 4241 419 4276 ι.
429 4230 469 4276 lt.
801 4223 840 4274 bis
851 4223 1003 4289 s'lbeopbr.
1015 4223 1084 4274 litet.
1095 4235 1115 4274 r·
1124 4228 1149 4274 9.
