3152 4892
490 417 578 465 nar.
602 417 699 464 trrsr.
724 417 795 464 nra.
818 413 900 464 xrv.
921 402 954 464 4.
1179 400 1266 466 ’2339

178 561 294 628 dedere
316 561 488 626 rationem.
532 557 621 623 Nam
648 558 682 622 in
705 557 979 624 medicaminibus
1003 557 1087 622 adeo
1112 577 1265 641 magnum

179 665 326 730 obtinent
337 664 459 739 locum,
473 667 586 745 utper
601 679 676 726 sese
691 662 768 725 rino
784 657 913 742 ipso²⁶¹²
934 660 1080 724 remedia
1093 661 1169 724 sint.

223 781 275 828 ιν.
296 763 373 850 (ιι.)
402 763 534 828 Genera
561 762 677 826 vitium
701 779 839 826 numero
874 761 1107 845 comprehendi
1141 767 1264 845 posse¹

177 887 261 932 unus
275 867 480 932 existimavit
496 864 720 941 Democritus,
735 869 855 928 cuncta
865 861 930 926 sibi
942 861 1111 928 Graecia·
1134 865 1266 946 cognita

178 969 358 1052 professus.
401 967 511 1033 Ceteri
525 964 718 1031 innumerab
740 969 841 1048 atque
865 965 995 1030 inlinita
1010 983 1086 1030 esee
1110 965 1266 1048 prodide-

176 1078 264 1146 runt,
280 1070 370 1154 quud
384 1070 495 1135 verius
509 1068 683 1152 apparebit
698 1087 742 1130 ex
758 1067 857 1130 vinis.
902 1065 976 1131 Nec
986 1067 1099 1132 omnia
1107 1065 1265 1142 dicentur,

176 1171 234 1235 sed
247 1173 392 1237 maxime
407 1171 567 1254 insignia:
590 1171 717 1254 quippe
732 1187 810 1252 qnae
825 1169 966 1234 totidem
982 1189 1075 1252 paene
1087 1175 1173 1245 suut,
1184 1173 1266 1250 quot

177 1274 269 1357 egri.e
320 1272 546 1351 Quamobrem
572 1271 805 1337 celeberrimas
832 1271 961 1349 vitium,
986 1279 1047 1336 aut
1070 1270 1191 1354 quibus
1215 1276 1266 1334 est

176 1376 285 1458 aliqua
299 1375 503 1459 proprietate
516 1373 725 1449 miraculum,
740 1371 931 1437 ostendisse
942 1373 1026 1437 satis
1041 1371 1113 1436 erit.

219 1475 431 1558 Principatus
448 1475 545 1538 datur
568 1473 721 1537 Amineis
733 1469 771 1507 ²⁶
793 1479 927 1556 propter
942 1473 1141 1550 firmitatem,
1157 1471 1265 1535 senio-

177 1585 265 1659 que·
286 1575 513 1658 proficientem
536 1575 605 1640 vini
627 1574 701 1658 ejus
720 1575 835 1656 utique
859 1575 987 1640 vitam.¹
1034 1573 1195 1656 Quinque
1210 1591 1265 1636 ea-

176 1697 247 1740 rurn
263 1697 406 1766 genera:
430 1695 473 1741 ex
499 1677 540 1740 iis
563 1693 719 1758 germana
738 1676 843 1738 minor
859 1671 981 1752 acino,'
999 1673 1142 1738 melius4
1163 1673 1266 1738 deflo-

176 1778 287 1855 rescit,
306 1779 427 1842 imbres
452 1779 736 1860 tempestatesque
762 1775 898 1840 tolerat:
935 1795 1001 1839 non
1026 1775 1106 1840 item
1131 1774 1264 1858 maj0r,¹

630 1953 791 1976 comeum
796 1954 809 1974 Ι

173 2087 287 2138 Turneb.
296 2087 388 2149 assim
396 2093 473 2152 utque,
482 2092 587 2150 tra-td
604 2088 669 2138 Cud.
683 2089 774 2139 Delec.
786 2089 841 2138 eina
851 2087 913 2150 ipsu.

208 2151 277 2202 Car.
290 2165 325 2200 ιι.
360 2157 371 2200 1
390 2152 448 2201 Vos
462 2167 530 2216 pesse
547 2153 623 2203 deest
634 2153 659 2202 ln
672 2153 736 2203 Ver.
749 2153 890 2202 Dulce—t
908 2149 969 2198 ‘lta
981 2148 1047 2198 bene
1059 2147 1143 2210 Regg.
1155 2147 1228 2197 Brot.
1241 2153 1265 2198 ι.

173 2221 199 2266 t.
211 2225 236 2264 et
248 2215 335 2264 Editio
344 2215 471 2280 princeps.
503 2217 547 2266 Sic
557 2225 583 2268 et
594 2217 695 2267 cuturn.
708 2231 751 2267 ιιι.
760 2221 785 2266 t.
810 2216 926 2265 Amineae
940 2215 1006 2263 vites
1018 2214 1127 2262 Falerno
1139 2212 1200 2261 siun
1218 2225 1265 2260 ao·

174 2279 300 2330 bilitstaess
317 2281 423 2331 Brutier.
450 2281 724 2334 amnesamnes
736 2280 898 2331 Bentian-³
911 2279 955 2328 lts
965 2275 1041 2328 codd.
1054 2275 1192 2332 ilsrduiui,
1205 2290 1264 2326 euru

174 2345 232 2392 sdd.
243 2344 371 2394 llardnlu.
383 2352 411 2394 et
422 2353 533 2396 recentt.
545 2346 713 2460 ιιιιῦᾳιιὶΐιϋη
724 2346 776 2394 uisi
786 2361 806 2394 e.
817 2345 901 2406 atique
911 2337 1006 2392 (lbifll.¹
1023 2342 1131 2403 sesiequ
1140 2355 1165 2402 p.
1179 2355 1204 2389 s.
1214 2341 1269 2400 ejus

173 2408 254 2474 abique
264 2411 338 2459 ritum
348 2410 463 2462 Gronov.
476 2417 503 2460 et
515 2410 547 2460 sl.
559 2418 620 2462 snte
659 2410 807 2462 ardeia—d
826 2407 890 2460 cod.
902 2406 995 2458 Dalec.
1005 2421 1033 2455 aa
1043 2411 1068 2456 tn
1078 2405 1178 2462 eseliau
1196 2404 1264 2454 unde

667 2604 772 2657 NOTAE

172 2715 326 2780 pellebatur,
343 2718 418 2782 cnjus
435 2725 507 2768 tectu
525 2719 615 2768 muniti
632 2717 698 2768 obri·
738 2719 806 2768 enim
830 2731 936 2768 nrrruero
960 2713 1148 2779 comprendere
1165 2711 1265 2764 refert:

172 2791 262 2841 dentes
274 2807 403 2843 murorum
415 2792 582 2844 fundamenta
593 2793 697 2843 subrue·
737 2793 820 2844 Qussn
839 2793 881 2856 qul
907 2791 973 2840 scire
994 2789 1068 2852 salit,
1086 2787 1175 2850 Libyci
1202 2786 1266 2836 velit

172 2865 243 2915 baut.
278 2868 382 2917 Dicitur
397 2878 484 2918 susem
503 2871 581 2920 sines
596 2868 698 2936 ssimi·
737 2868 847 2933 sequaris
865 2867 932 2916 islam
952 2865 1064 2915 Discere
1080 2876 1155 2928 quam
1175 2862 1264 2912 sunites

171 2939 280 2990 litudine
306 2943 375 2992 illius
401 2945 496 3006 vinens,
522 2960 580 3010 qne
603 2946 698 3010 jugata
737 2942 858 3006 Zephyro
871 2939 1008 2990 turbentur
1018 2937 1124 3000 arena,'
1135 2939 1186 2986 &c-

170 3014 275 3080 dicitur,
286 3023 313 3066 et
323 3018 348 3066 in
361 3025 457 3068 tectum
470 3021 606 3070 attollitur.
769 3025 781 3051 ⁰
798 3017 862 3072 Quot
884 3015 952 3078 egri]
974 3011 1087 3074 Accepit
1102 3011 1151 3059 hoc
1167 3009 1264 3060 arne·

201 3098 214 3132 Ρ
236 3091 295 3140 Visa
306 3093 368 3156 ipso]
386 3093 428 3142 lta
440 3093 497 3144 libri
509 3095 585 3157 editi,
595 3103 623 3146 et
632 3097 698 3160 Reg.
738 3095 812 3158 opbr.
833 3093 904 3142 Hist.
917 3106 947 3142 ιι.
958 3097 982 3141 i.
1000 3098 1055 3141 eta
1071 3088 1171 3140 Colum.
1187 3100 1230 3138 ιιι.
1241 3091 1266 3138 2.

168 3169 192 3216 ὓ.
205 3165 255 3214 Vel
267 3167 326 3216 sinu
338 3181 439 3231 quoque
448 3169 515 3231 lpse,
523 3170 613 3234 inquit,
623 3171 698 3235 sites,
738 3184 765 3234 p.
774 3173 816 3218 88.

170 3249 293 3305 prosunt:
311 3256 370 3292 auru
381 3243 418 3292 sit
431 3243 494 3294 elias
506 3243 607 3296 tardam
618 3245 699 3300 dieta,
769 3243 781 3278 θ
796 3242 919 3306 Amissis]
935 3239 1059 3306 Virgilius
1070 3237 1167 3302 (leurs.
1184 3252 1215 3288 ιι.
1224 3241 1271 3286 or.

171 3318 319 3379 pluribusne
342 3319 367 3369 id
389 3320 474 3383 prosit
496 3333 528 3368 an
550 3328 652 3383 noceat,
671 3329 699 3370 ut
738 3319 824 3369 ‘Sunt
840 3319 917 3368 etlsnr
930 3315 1047 3367 Aminea
1064 3312 1267 3374 riteatirsuissl·

168 3391 364 3445 diruturum.
375 3399 414 3447 19.
713 3387 727 3412 ‘
738 3409 780 3444 nra
791 3393 867 3444 riaa’
901 3393 924 3442 A
936 3392 1041 3454 regione
1055 3402 1148 3438 nornen
1159 3387 1266 3448 bsbent,

205 3474 216 3500 ⁸
235 3469 324 3518 Gustu
338 3471 384 3520 sibi
402 3471 517 3534 Gracia]
534 3472 594 3522 Nun
611 3479 697 3522 tannen
738 3471 764 3519 in
784 3483 834 3534 qus
854 3475 921 3516 narn
942 3466 1060 3529 primam,
1071 3462 1227 3513 utdicemus
1239 3463 1266 3511 in

171 3543 286 3606 gentiam
305 3544 380 3593 sinrul
396 3553 630 3612 exterarumque
643 3547 696 3596 Pli·
740 3545 817 3596 Notis
836 3551 862 3593 et
883 3541 990 3592 Emend.
1008 3555 1079 3590 num.
1097 3545 1122 3589 ὕ.
1165 3541 1209 3590 De
1227 3537 1266 3588 lris

169 3619 226 3666 nius
239 3617 399 3669 nibilominus
409 3621 450 3671 bie
458 3635 561 3686 quoqne
570 3622 697 3685 compleu-
737 3621 817 3670 mults
829 3617 971 3670 Columella
982 3631 1024 3667 ιιι.
1036 3621 1060 3667 t.
1073 3631 1100 3680 p.
1110 3619 1152 3666 84.

170 3692 245 3741 titur.
280 3692 349 3742 Care
365 3707 409 3744 eas
428 3696 526 3753 audias.
544 3697 587 3761 qni
605 3703 696 3746 contra
768 3694 924 3759 ιιῖιιιὶοᾳιιι]
946 3695 1084 3744 Vetustate
1106 3691 1157 3741 viru
1177 3689 1266 3740 melio·

171 3771 294 3820 librorum
315 3772 426 3822 omniura
444 3772 530 3829 tidem,
549 3779 633 3826 casata
651 3771 698 3822 siti
738 3787 791 3822 rens
802 3771 948 3836 acquirunt.

169 3846 331 3910 egregialrnc
342 3847 400 3896 loro
411 3856 547 3910 reponunt.
769 3845 877 3898 ‘Missas
896 3847 977 3910 amns]
995 3841 1063 3893 Vide
1082 3842 1165 3892 Notas
1186 3844 1213 3887 et
1230 3839 1263 3888 E·

203 3921 214 3956 ὓ
233 3923 313 3972 Ceteri
324 3923 457 3994 humera]
472 3923 563 3985 Signat
582 3923 700 3986 inprimis
737 3923 823 3972 mend.
834 3926 936 3974 numo.

170 3996 699 4061 Maronem,crrjusbiuotirereusffleorg.
770 4005 782 4041 t
802 3999 856 4046 Nos
873 3998 932 4046 itera
947 3992 1034 4054 majo]
1058 3989 1197 4040 0⁰¹umtll⁸
1216 3990 1265 4039 lot·

170 4087 201 4122 ιι.
222 4077 278 4122 lot.
297 4073 330 4122 de
350 4073 440 4123 sitium
460 4072 610 4137 generibnsr
627 4072 698 4121 ‘Sed
738 4075 783 4124 cit.
803 4072 837 4120 de
859 4068 991 4120 Amineis:
1017 4067 1110 4118 ‘Dans
1133 4080 1265 4130 germensi

172 4161 257 4211 neque
274 4162 350 4213 qnam
365 4149 454 4200 multas
471 4147 583 4212 species,
594 4161 643 4204 uec
654 4161 698 4195 no·
738 4145 918 4211 cognorimus:
937 4155 1043 4207 qnuruns
1054 4141 1267 4204 minor...looge

172 4224 307 4289 miasane
325 4225 386 4288 sint,
404 4225 451 4275 Est
470 4239 600 4286 numerus,
615 4237 699 4288 neque
739 4220 865 4288 precedit
885 4219 1017 4283 majorem,
1039 4219 1100 4285 quis
1121 4217 1215 4268 imbres
1237 4225 1266 4267 et
