3190 4900
510 389 597 436 uir.
619 386 718 436 uter.
740 387 813 436 utu.
836 385 901 434 xv.
923 371 977 434 17.
1188 369 1274 432 2145

194 533 428 616 oblongisque.
472 533 639 600 Prmtereu
653 533 740 598 dixit
752 533 882 597 volema
892 528 1079 614 Virgilius,l
1094 549 1115 594 e
1129 527 1273 594 Catone*
1344 615 1348 622 ι

193 641 313 707 sumta,
329 633 386 715 qui
403 629 437 696 et
452 633 671 708 sementiva,¹³
688 639 722 696 et
736 627 882 696 mutrteuj
899 633 1052 695 nominat.

239 749 341 796 xvir.
365 731 448 796 Pars
474 732 546 796 brec
567 733 646 796 vitm
665 731 862 815 jampridem
878 730 1081 813 pervenitad
1099 727 1275 806 culnren,¹k

195 833 484 916 expertiscuuete
505 832 707 896 hominibus.
750 831 884 914 Quippe
904 851 980 896 curn
994 828 1175 912 Virgilius¹
1197 831 1278 892 iusi·

195 941 265 996 tum
287 933 427 997 trucibus
460 933 628 1009 arbutum,
658 933 756 996 malis
787 933 970 1015 platanum,
1003 932 1125 996 cerasis
1154 932 1278 996 ulmum

198 1032 299 1097 dicat.
345 1031 421 1096 Nec
445 1033 624 1116 quicquam
651 1032 793 1115 emplius
819 1031 1004 1111 excogitari
1027 1037 1150 1113 potest.
1194 1031 1279 1094 Nul-

197 1132 266 1195 lum
282 1139 371 1196 certe
386 1150 519 1213 pomum
535 1151 657 1197 novum
668 1131 724 1194 diu
735 1132 806 1215 jam
818 1131 991 1194 invenitur.
1037 1130 1156 1212 Neque
1169 1132 1294 1210 omnia,

199 1233 352 1296 insitu²¹1¹
374 1232 507 1296 misceri
529 1232 580 1296 ias
602 1237 662 1308 est,
685 1232 771 1296 sicut
792 1251 854 1295 uec
878 1232 992 1314 spinas
1014 1232 1124 1307 inseri,
1146 1231 1279 1313 quaudo

198 1331 328 1412 fulgura
348 1332 480 1414 expiari
493 1339 507 1366 '²
528 1350 593 1396 uon
614 1340 739 1414 queunt
756 1331 875 1396 facile:
898 1337 1043 1414 quotque
1059 1338 1217 1412 genera¹⁰
1231 1333 1281 1396 irr-

201 1431 267 1494 situ
286 1430 426 1508 suerunt,
448 1439 495 1498 tot
514 1432 644 1512 fulgura
664 1451 731 1496 uuo
752 1434 820 1496 ictu
843 1433 1101 1514 pronuntientur.

244 1531 453 1597 Turbinetior
475 1533 566 1615 pyris
588 1531 703 1613 figura.
759 1533 797 1596 In
818 1533 861 1596 iis
883 1533 1047 1597 serotinae
1069 1532 1111 1595 ud
1132 1532 1282 1614 hyemem

203 1633 375 1714 usquead
397 1639 576 1697 matremtt
601 1632 746 1715 pendent
769 1633 844 1714 gelu
866 1632 1128 1709 maturescentia,
1151 1631 1283 1708 Graece,

204 1733 419 1814 ampullacea,
440 1732 572 1796 laurea:
603 1735 690 1796 sicut
711 1733 744 1794 iu
765 1733 862 1795 malis
882 1731 1053 1808 Amerina,
1075 1733 1284 1796 Scaudiana-⁵

206 2069 334 2180 Hemrriq.
345 2077 372 2119 et
381 2077 490 2120 receutt.
506 2075 528 2120 et
544 2069 671 2118 ceurentium
684 2067 929 2120 emmeramum
945 2071 978 2120 ul.
1011 2069 1083 2132 Mox,
1099 2069 1197 2118 Colum.
1214 2069 1289 2118 mulce

207 2148 255 2198 pro
266 2149 318 2182 mue
329 2148 364 2182 eu.

239 2198 307 2247 Cer.
328 2209 396 2245 xvrr.
425 2200 436 2244 1
457 2197 497 2246 lte
509 2198 621 2247 Gronov.
634 2203 661 2244 et
673 2195 757 2256 intpp.
769 2203 830 2245 aute
848 2195 972 2245 llerduin.
988 2195 1070 2244 Ccdd.
1086 2195 1167 2258 Regg.
1179 2193 1253 2246 Brot.
1266 2197 1290 2245 1.

208 2264 232 2309 ².
252 2259 324 2309 colb.
345 2258 427 2308 ctrtffi.
444 2261 542 2309 Tbuen.
556 2267 584 2308 et
603 2259 692 2308 Delec.
709 2261 870 2318 adcolarum
887 2267 914 2308 et
932 2261 970 2308 eie
988 2259 1075 2308 Editio
1091 2260 1219 2320 princepe,
1230 2257 1290 2306 edd.

208 2323 337 2371 Hurdclui
348 2329 377 2372 et
387 2331 496 2374 recenti.
529 2323 637 2372 ‘Potior
649 2332 734 2370 temen
746 2321 848 2373 ridetur
861 2333 967 2385 rece-pte
986 2323 1011 2372 in
1028 2323 1118 2370 medii·
1137 2322 1291 2371 editionibur

209 2386 363 2449 emendum,
383 2389 414 2436 cd
432 2385 537 2436 culmen?
554 2386 714 2435 Breuem-2
732 2386 824 2436 Delec.
845 2387 975 2436 irritu—³
993 2387 1055 2434 Vet.
1074 2386 1165 2434 Delec.
1183 2390 1293 2448 quotquot

210 2451 271 2498 enim
280 2465 368 2512 gerrem
375 2464 385 2505 ‚·
401 2456 428 2499 et
443 2465 501 2498 mcx
513 2451 538 2499 in
550 2450 641 2499 ecdem
658 2450 718 2497 Vet.
734 2454 779 2499 tot.
790 2448 814 2509 f.
832 2464 873 2497 κισ
885 2465 930 2498 uec
944 2450 995 2497 ritu
1004 2452 1214 2511 procurantem—l
1230 2448 1292 2497 Vet.

211 2513 300 2564 Dclec.
311 2528 327 2562 c
338 2519 412 2562 matre
419 2529 429 2570 ,·
446 2514 671 2578 eliiep.1)elec.e'rr
682 2517 812 2562 matre-⁵
830 2513 873 2562 lte
884 2511 1093 2562 codd.llerduiui
1104 2519 1131 2562 et
1143 2510 1227 2562 ctrtffl.
1236 2525 1294 2561 cum

699 2685 804 2735 Now

153 2789 158 2798 '
244 2795 256 2827 ⁸
277 2793 404 2858 Virgilius]
422 2796 490 2844 Luco
502 2795 655 2845 auteelletu.
672 2795 737 2844 Sunt
809 2804 826 2829 ¹¹
844 2797 924 2859 Neque
939 2797 1017 2845 omnic
1034 2796 1121 2861 insitu]
1139 2795 1244 2844 Rectius
1261 2798 1297 2844 irr-

214 2876 299 2919 eutem
312 2871 421 2930 volema,
431 2884 488 2934 que
504 2869 605 2919 librelie
620 2869 737 2932 euperiur
776 2871 832 2920 ritu.

214 2945 284 2993 velut
296 2958 310 2992 e
322 2945 573 3008 pccdereuppellete
581 2951 656 2993 eunt:
669 2957 737 2992 nune
809 2953 820 2978 ¹¹
837 2945 945 3006 Fulgura
955 2943 1059 3008 expiari]
1076 2943 1300 2993 Prucurerietex-

213 3017 314 3080 eedem,
334 3033 349 3067 e
366 3019 441 3080 mole,
457 3018 525 3082 quud
543 3033 633 3068 mentre
653 3019 736 3068 colum
777 3020 842 3083 pieri
861 3018 962 3081 fulgure
983 3019 1110 3074 dicuntur,
1132 3031 1189 3066 cum
1211 3031 1299 3066 eorum

214 3091 332 3154 impleut,
344 3093 450 3142 volema.
778 3092 816 3142 rie
826 3093 918 3143 inferte
929 3108 944 3142 e
955 3092 1082 3156 capitibus
1099 3091 1202 3150 uostris,
1221 3091 1300 3152 agrie-

249 3163 256 3196 ¹
270 3165 292 3215 Δ
306 3167 406 3228 Catum]
422 3166 486 3229 erp.
499 3169 523 3214 7.
533 3180 592 3230 peg·
603 3170 642 3215 tt.
778 3183 836 3232 qne,
849 3169 889 3216 rel
901 3168 987 3227 tectis,
1004 3166 1123 3229 precibus
1141 3164 1301 3229 quibusdem,

246 3237 255 3281 l
274 3240 307 3288 tte
318 3240 418 3303 murtea]
436 3241 501 3290 Qnae
519 3253 652 3302 perpetem
671 3253 739 3286 mur·
779 3243 920 3306 ritibusque
931 3241 1009 3290 recrir
1021 3240 1167 3303 depellitur.

216 3313 621 3374 tecMeercbiuerocet,lcc.eit·
637 3313 741 3362 Murtee
810 3318 945 3379 ⁰Quctque
971 3314 1071 3377 genere]
1098 3315 1179 3362 Varro
1204 3313 1237 3362 de
1262 3313 1302 3362 Re

218 3403 281 3452 pyrre
291 3399 349 3439 cunt
362 3391 461 3439 novelle
474 3391 690 3455 pyrr,utquidem
703 3391 739 3438 ri·
780 3393 853 3442 Ruit.
864 3405 883 3440 r.
900 3395 940 3440 4⁰.
958 3397 964 3417 ‘
978 3389 1134 3448 Videndum,
1148 3402 1199 3451 que
1216 3401 1247 3436 ex
1263 3402 1303 3436 er·

218 3461 309 3510 detur:
326 3477 384 3511 rrum
404 3472 523 3520 muitum,
543 3479 592 3513 ucu
611 3463 686 3514 modo
705 3465 740 3512 ri·
781 3466 843 3515 bore
862 3467 887 3514 lu
904 3477 978 3528 quarn
997 3461 1184 3512 imprimetur.
1198 3496 1205 3510 .
1217 3497 1224 3511 .
1236 3462 1304 3511 Haec

218 3550 278 3584 nuru
291 3536 394 3601 dicitur,
405 3539 450 3587 red
469 3547 496 3588 et
513 3539 634 3604 quicquid
655 3541 741 3588 novel·
782 3548 923 3605 sequuntur
940 3539 1022 3599 multi,
1033 3540 1075 3602 qui
1087 3539 1217 3601 aruspices
1233 3538 1304 3588 audi·

219 3611 280 3666 lum,
293 3613 376 3675 iuquit
388 3615 496 3663 Noniue.
782 3624 829 3666 unt
846 3615 962 3677 multum,
979 3629 994 3662 u
1013 3613 1104 3677 quibue
1122 3611 1260 3674 proditum,
1279 3613 1305 3660 iu

221 3693 225 3700 '
251 3683 263 3717 ¹¹
275 3685 315 3736 Ad
322 3688 542 3754 cutmeqeoluuer]
553 3691 596 3740 Sic
604 3691 668 3740 Mes·
678 3692 741 3753 Reg.
783 3691 887 3754 cinguli·
898 3688 1033 3738 erburibue
1043 3693 1106 3750 quet
1118 3701 1212 3750 genere
1228 3687 1306 3735 insite

221 3759 295 3810 Cclb.
322 3759 404 3810 cutffl.
430 3763 477 3811 Tb.
504 3777 553 3812 uon
584 3765 681 3826 culeum
714 3771 743 3813 ut
783 3765 844 3824 rint,
855 3778 903 3812 unc
914 3764 968 3813 ictu
978 3760 1195 3811 tutlulmiucfierl
1205 3761 1230 3808 in
1242 3758 1304 3807 illud

222 3834 294 3884 editi.
783 3839 850 3904 qnod
861 3836 957 3887 fulmen
967 3833 1105 3899 concepit-⁹
1123 3833 1170 3883 ilic
1179 3833 1306 3882 extriceu·

255 3915 338 3961 ¹Cum
363 3914 492 3980 Virgilius]
518 3915 615 3979 θεοῖς.
645 3931 677 3966 rr.
701 3921 744 3966 119.
784 3915 823 3962 die
834 3913 906 3974 nugir
918 3913 989 3974 piget
1000 3909 1136 3958 immorari.

221 3987 273 4037 Sed
291 3987 349 4036 ride
368 3990 448 4038 thre
467 3996 493 4038 et
506 3991 613 4038 Emend.
633 4005 702 4040 num·
719 3995 744 4040 c.
816 3982 1041 4044 tritemorian]
1059 3983 1263 4034 Pcireeturdicee.

221 4063 257 4110 Et
274 4061 443 4114 Plutarchum
461 4065 564 4114 contule
578 4065 694 4128 Surripui.
716 4077 744 4114 rr.
816 4067 828 4100 1
846 4061 885 4108 Ad
899 4057 1006 4120 matrem]
1020 4057 1080 4106 Sire
1102 4057 1128 4105 in
1148 4064 1240 4122 melre,
1257 4057 1306 4110 boc

222 4141 245 4186 2.
259 4151 316 4202 pag.
328 4141 384 4190 blo.
785 4142 834 4196 eet,
846 4135 872 4183 in
884 4133 984 4183 erbcre.
