3062 4896
465 369 554 419 nau.
575 368 674 418 nisu.
696 367 769 417 ιιι.
792 363 891 416 xvir.
909 351 964 416 35.
1176 353 1263 420 2736

176 514 407 599 pedamentum
422 514 536 591 emitti,
552 514 644 598 quod
659 513 717 578 alii
731 511 915 590 dracones,d
942 514 1000 578 aiii
1020 513 1188 596 junionlos
1203 534 1263 580 vo·

177 624 265 691 cant,
280 622 318 678 ut
336 615 463 680 faciant
477 633 552 698 quar
574 616 760 680 masculeta
784 615 968 698 appellant.
1011 615 1095 678 Cum
1119 615 1264 681 induruit

176 717 266 793 vitis,
280 717 463 798 pessimum
478 717 511 778 iu
528 716 626 779 vinee
640 715 876 778 traducere.⁷²·
912 714 1039 792 Quinto
1055 734 1140 778 auno
1151 720 1184 778 et
1198 716 1264 798 ipsi

176 815 329 897 palmites
343 817 584 897 intorquentur,
599 817 804 898 singulaeque
817 835 836 879 e
848 816 989 895 singulis
1001 815 1151 880 materiae
1170 816 1263 879 emit·

178 912 311 992 tuntnn'
343 935 383 980 uo
412 916 529 979 deinde
559 936 578 979 e
607 917 783 998 proximis,
810 919 1004 999 prioresque
1034 921 1262 997 amputantur.

177 1015 314 1098 Semper
335 1016 508 1080 custodem
534 1017 677 1098 relinqui
700 1016 834 1079 melius:
868 1015 929 1079 sed
959 1017 987 1078 is
1009 1015 1184 1097 proximus
1204 1016 1263 1079 viti

178 1133 253 1180 ense
269 1114 381 1191 debet,
396 1134 458 1179 nec
474 1117 622 1196 longior8
644 1134 743 1197 qnam
760 1115 885 1179 dictum
903 1121 969 1180 est:
993 1124 1039 1192 et,
1062 1119 1091 1180 si
1116 1116 1264 1179 luxuria·

178 1214 281 1278 verint
295 1215 460 1296 palmites,
476 1215 677 1297 intorqueri:
700 1221 737 1277 ut
749 1221 893 1299 quatuor
906 1217 1073 1295 materias,
1095 1218 1148 1281 uel
1166 1221 1263 1295 duas,

178 1315 208 1378 si
222 1312 380 1396 unijugel
402 1317 463 1379 erit
476 1317 584 1389 vinea,
599 1317 767 1381 emittat.⁷³

220 1415 258 1478 Si
273 1434 380 1496 perse
396 1413 488 1479 ιίῇι1
511 1417 714 1480 ordinabitur
739 1418 810 1478 sine
837 1415 1050 1497 pedamento,
1075 1417 1264 1498 qualecum-

178 1533 243 1596 que
257 1515 352 1578 initio
367 1515 606 1580 adminiculum
622 1515 836 1591 desiderabit,
849 1515 927 1579 dum
943 1521 1028 1581 stare
1045 1516 1216 1580 condiscat
1230 1523 1265 1579 et

177 1623 266 1678 recta
279 1634 419 1696 surgere.
464 1616 583 1681 Cetera
598 1637 620 1680 a
633 1612 830 1698 primordioj
851 1617 976 1680 eadem.
1022 1617 1136 1680 Dividi
1150 1624 1263 1680 antem

179 1715 350 1797 putatione
365 1715 525 1798 pollices*
542 1717 577 1780 iu
593 1716 717 1799 aequali
730 1717 919 1782 examiue⁷⁴
933 1715 1103 1799 undique‚¹'
1124 1735 1164 1780 ne
1179 1735 1264 1798 prae-

219 1879 311 1944 ¹AEqro
321 1881 428 1944 portione
437 1882 466 1931 at
476 1845 575 1945 atroque
585 1884 667 1932 intera

178 2092 210 2137 ⁷²
227 2086 278 2137 ‘In
300 2088 357 2137 cod.
373 2087 437 2145 nea.
454 2093 477 2139 1.
494 2091 651 2139 huardum.
681 2091 823 2151 Praene.
837 2089 904 2146 seire
922 2091 963 2138 des
980 2089 1094 2152 precisa?
1120 2090 1265 2139 Brutian—

179 2157 210 2201 78
222 2153 313 2202 Daiec.
324 2152 506 2203 mutant-it
517 2153 577 2204 ‘lta
585 2153 661 2204 codd.
670 2154 761 2217 chg!
768 2154 875 2203 Bretier.
890 2154 984 2216 pellicea
994 2155 1078 2216 oeqauii
1088 2155 1194 2204 emmae
1206 2155 1265 2206 edd.

667 2279 777 2331 Nouis

177 2379 266 2424 turnen
292 2376 476 2438 prorepserint,
496 2376 595 2438 majore
615 2382 699 2424 sumtu
739 2375 786 2425 bus
807 2375 922 2438 genimis,
942 2380 971 2425 ut
990 2375 1067 2439 paulo
1088 2380 1149 2424 ante
1168 2373 1266 2424 dictum

177 2451 343 2499 restituentur
368 2451 471 2514 mergis.
511 2451 560 2499 liis
581 2463 700 2512 namque,
740 2456 788 2498 cst.

176 2524 243 2588 qnod
255 2523 328 2574 nubis
342 2525 451 2574 maxime
464 2525 559 2588 piscat,
575 2536 700 2586 propaga·
771 2519 784 2554 Ι·
802 2520 832 2569 Si
849 2519 962 2582 ιιιϋιςι]
989 2521 1040 2569 Seu
1060 2521 1215 2582 cauteriata,
1237 2525 1267 2569 nt

178 2607 207 2648 ta
223 2600 356 2650 celerrime
376 2601 503 2663 prevenit.
536 2599 595 2648 Hoc
607 2606 702 2658 tamen,
740 2596 863 2655 diximus,
880 2595 964 2655 simple
975 2596 1062 2643 treiite.

178 2673 198 2722 si
208 2679 281 2722 vetus
292 2680 320 2723 et
331 2687 409 2723 esess
419 2681 460 2723 est
470 2671 620 2736 superficias
630 2677 700 2720 tntu·
772 2669 779 2702 ¹
797 2667 826 2716 St
833 2681 907 2731 perse
916 2667 984 2730 uitis]
1002 2669 1088 2730 Sijam
1101 2667 1160 2716 ritis
1171 2674 1266 2718 erecte

178 2748 424 2811 ci,nrs1‘orcnr;atai
437 2748 542 2798 robusta
554 2753 580 2797 et
591 2748 701 2809 integra,
740 2748 767 2792 et
789 2757 836 2805 par
858 2756 887 2790 se
904 2742 1005 2801 stantis,
1025 2740 1179 2804 iptsuetaoo,
1200 2744 1267 2793 ratio

177 2821 574 2884 mnrremoparamnntterat:
740 2816 861 2876 exigitur,
882 2829 940 2878 quar
965 2815 1021 2864 alne
1042 2815 1198 2878 pedamento
1220 2824 1267 2868 est.

209 2896 221 2929 ¹
240 2895 371 2959 Βιιιιιιι]
398 2897 440 2946 Ιιι
461 2909 592 2956 vocamur,
616 2893 700 2959 lnquit
740 2891 1072 2953 &tumultuantem
1093 2892 1267 2956 ‘Depositam

178 2973 236 3035 ipae
247 2973 323 3035 panto
340 2979 397 3035 potr
415 2973 464 3021 hoe
474 2985 533 3034 pap,
545 2971 662 3034 palmite·
673 2984 699 3020 a·
740 2977 802 3027 ergo
814 2963 931 3026 stirpem,
947 2965 972 3012 id
991 2973 1039 3026 est,
1049 2966 1203 3023 malleolum,
1225 2969 1268 3016 rel

178 3048 292 3107 meritus,
301 3047 468 3110 pluribusque
478 3045 611 3096 induratos
620 3045 702 3094 annia.
740 3038 906 3088 viviradicem
921 3037 1034 3088 formare
1046 3040 1084 3088 sic
1096 3041 1227 3101 convenit,
1238 3048 1268 3091 nt

179 3121 331 3183 Columella,
361 3120 410 3170 loc.
434 3121 479 3170 cit.
506 3117 701 3169 ‘duramenta’
742 3113 801 3162 ritis
820 3113 874 3162 sinc
892 3111 1028 3174 pedamine
1044 3115 1175 3163 consistat.
1207 3113 1268 3163 Hoc

178 3195 325 3244 Mascuieta
336 3208 397 3245 tero
407 3195 459 3243 dici
471 3193 591 3244 ridentur
602 3195 702 3243 consita
743 3195 828 3238 autern
852 3187 969 3250 protinus
1002 3187 1069 3236 effici
1100 3202 1152 3237 nou
1174 3195 1269 3251 potest.

178 3267 273 3318 ritibus
283 3269 402 3318 masculis
414 3269 479 3329 ioca,
488 3267 594 3328 bocest,
604 3267 635 3316 iis
646 3281 703 3328 quae
744 3263 811 3312 Nam
821 3262 869 3310 nisi
878 3260 1058 3310 adminiculum
1068 3269 1164 3311 tenere
1172 3263 1217 3312 riti
1229 3270 1270 3312 at·

178 3357 229 3392 uon
249 3343 301 3392 sint
318 3343 433 3393 subactae
453 3349 483 3391 ut
500 3343 563 3391 aiios
585 3342 704 3391 emittant
742 3350 792 3402 quc
810 3337 918 3386 infirmae
937 3337 1114 3400 contribueris,
1130 3351 1269 3401 prorepens

179 3419 306 3481 palmites,
319 3419 364 3467 aad
382 3422 502 3468 crescunt
521 3417 608 3472 altins,
619 3422 647 3466 ct
664 3422 702 3465 at·
744 3414 879 3475 pampinus
891 3419 967 3462 terra
982 3426 1010 3462 ra
1022 3412 1172 3476 applicabit.
1213 3412 1268 3462 lta-

179 3492 307 3541 tollerare
319 3493 512 3555 permittuntur.
743 3501 792 3552 quc
804 3487 889 3550 posito
900 3487 989 3535 semini
1002 3487 1099 3536 arundo
1111 3487 1268 3548 annectitur,

212 3566 383 3629 trendens-e]
399 3567 462 3615 Μιι.
474 3567 639 3615 transducere.-
655 3565 715 3616 hon'
743 3576 801 3626 qnae
824 3562 894 3610 reiut
917 3560 1051 3611 infantiam
1079 3563 1134 3624 ejus
1156 3568 1270 3624 tueatur,

180 3646 229 3695 cst.
240 3643 334 3704 mergis
344 3653 503 3704 propagare:
521 3653 588 3698 cum,
602 3639 645 3689 uti
658 3653 702 3688 aa·
743 3644 823 3700 atque
833 3636 936 3698 educet,
945 3637 1121 3701 producatque
1131 3639 1158 3686 iu
1169 3643 1269 3686 tantam

178 3715 259 3779 plicat
270 3715 368 3764 Colum.
377 3727 417 3763 ιι.
425 3718 465 3762 1⁵.
477 3728 502 3776 p.
513 3716 568 3762 lst.
580 3715 640 3762 sitis
648 3727 705 3763 cur·
745 3719 880 3775 staturam,
892 3719 1013 3776 quautam
1033 3711 1162 3776 permittit
1172 3711 1270 3776 agrico-

179 3797 264 3850 ratur,
275 3797 354 3853 arque
364 3803 397 3838 es
407 3788 568 3838 aitoscroise
583 3801 705 3836 summar-
744 3787 788 3850 la,'
806 3791 855 3837 &c

180 3878 209 3913 sa
235 3863 386 3926 producitur
412 3862 444 3912 sd
470 3863 582 3912 ricinum
610 3861 705 3924 palam,
776 3861 888 3912 tcetern
908 3877 922 3911 a
941 3862 1082 3926 primordio]
1103 3863 1210 3913 Cultura
1229 3875 1268 3910 re-

180 3941 230 3988 tro.
746 3936 816 3999 liqna
845 3950 861 3984 ι
887 3937 968 3999 prima
990 3942 1065 3985 terrai
1087 3937 1270 3999 pastinatione,

212 4011 344 4064 ‘Mateta
361 4012 512 4075 emittantur]
530 4010 634 4062 Novelli
652 4012 707 4073 psl·
746 4009 836 4058 eadem
856 4024 914 4074 quc
934 4010 1057 4060 hacteuus
1082 4010 1212 4074 explicata
1229 4018 1268 4060 est

179 4087 381 4144 mitescreacere
394 4088 521 4137 sinuntur.
745 4085 794 4138 boc
805 4098 864 4149 cap.

213 4162 296 4212 ritae
321 4162 425 4225 hagios]
456 4161 512 4214 Nec
532 4159 633 4223 longior
660 4159 706 4209 tri·
