3092 4878
271 343 358 410 2820
636 357 667 406 o.
691 356 808 406 rursu
833 355 996 404 snousor

272 501 430 566 fruticum
445 498 586 580 generis.
629 496 734 563 Extra
749 497 931 562 Herculis¹
952 461 1124 561 columnas
1140 497 1228 579 porri
1241 495 1355 568 fronde

274 599 424 665 nascitur
436 599 558 676 frutex,
573 604 607 664 et
630 600 716 664 alins
736 600 832 677 lauri,
845 605 880 662 et
893 599 1010 682 thymi,
1022 598 1080 681 qui
1096 598 1196 662 ambo
1210 595 1308 679 ejecti
1321 597 1356 680 io

173 779 175 782 Ι
275 701 442 784 pumicem
456 697 729 780 transfigurantur.
1197 751 1200 760 ι

320 817 353 862 n.
375 799 468 864 Atio
483 797 618 863 Oriente
628 806 642 834 ⁸
662 799 779 862 mirum
802 801 865 874 est,
880 797 995 864 rtatim
1010 817 1031 863 e
1044 797 1154 879 Copto
1167 815 1226 879 per
1239 797 1356 861 solitu·

275 897 390 964 dinesb
411 899 492 964 nihil
506 899 603 981 gigni,
617 904 741 981 preter
750 899 894 981 spinam,
918 919 995 984 quer
1019 900 1134 964 sitiens
1156 905 1306 974 vocatur,
1321 906 1358 965 et

274 1000 360 1064 lranc
373 1020 481 1066 raram
497 1000 696 1066 admodum:
718 1001 753 1063 in
767 1001 849 1064 mari
864 1008 964 1066 ueroc
979 999 1094 1066 Rubro
1108 1001 1221 1084 syleas
1234 1000 1358 1079 virere,

273 1101 401 1165 laurum
415 1102 573 1177 maxime,
588 1109 623 1165 et
637 1100 760 1165 olivaro
773 1100 932 1166 lemnum
945 1103 1080 1180 baccas,
1094 1107 1138 1179 et,
1154 1119 1230 1166 cum
1249 1102 1357 1183 pluat,

275 1199 406 1282 longos,
426 1202 485 1283 qui
506 1198 585 1265 Sole
599 1201 682 1266 tacti
697 1207 861 1266 mutantur
882 1203 916 1266 in
938 1203 1117 1287 pumicem.
1162 1198 1356 1266 Fruticum⁴

274 1300 426 1383 ipsorum
440 1300 631 1382 magnitudo
644 1309 773 1366 tomum
787 1303 973 1367 cubitorum
989 1313 1043 1367 est
1054 1310 1086 1367 :¹
1109 1300 1293 1368 caniculis⁸
1308 1321 1357 1366 re·

273 1399 370 1478 ferta,
384 1403 443 1466 rix
457 1407 495 1464 ut
509 1403 723 1484 prospicere²
737 1421 756 1466 e
770 1403 849 1467 navi
859 1407 966 1467 tutum
977 1405 1033 1481 rit,
1042 1423 1156 1469 remos-
1163 1405 1358 1486 plerumque

277 1500 374 1583 ipsos
387 1502 626 1566 invadentibus.

320 1618 370 1666 nr.
393 1601 461 1680 Qui
475 1595 690 1683 navigavere‘
703 1603 738 1665 in
753 1601 857 1665 ludos
870 1600 1052 1666 Alexandri
1068 1602 1195 1665 milites
1208 1601 1357 1666 frondem

277 1703 476 1770 marinarum
497 1703 649 1766 arborum
670 1702 835 1767 tradidere
849 1703 885 1766 in
908 1721 996 1784 aqua
1009 1695 1144 1766 viridem
1166 1700 1283 1783 luisse,
1298 1721 1357 1779 on-

276 1809 397 1867 cmtam
416 1803 492 1884 Sole
507 1803 656 1885 protinus
670 1802 704 1866 in
728 1804 832 1867 salem
847 1807 1058 1868 arescentem.
1101 1799 1255 1868 Juncos⁸
1277 1791 1358 1884 quo'·

277 1921 342 1985 que
356 1901 506 1986 lapideos
528 1921 683 1986 perquem
707 1903 835 1968 similes
857 1903 943 1966 veris
967 1923 1026 1987 per
1044 1901 1173 1967 littora:
1196 1903 1275 1966 etin
1289 1901 1358 1967 alto

276 2002 437 2084 quasdam
452 2003 650 2067 arbusculas
665 2004 779 2068 colore
799 2003 918 2068 bubuli
939 2022 1058 2067 cornus
1080 2021 1240 2080 ramosas,
1255 2009 1287 2066 et
1302 2022 1358 2066 oa·

275 2102 458 2165 cumiuibus
469 2103 647 2183 rubentes:
670 2123 746 2168 oum
761 2110 990 2180 tractarentur,
1005 2104 1080 2169 uitri
1093 2102 1193 2168 modo
1208 2101 1358 2184 fragiles,

274 2202 308 2263 iu
323 2200 398 2282 igne
413 2209 522 2266 autem
537 2207 575 2266 ut
584 2202 701 2267 serrum
710 2203 971 2280 inardescentes,
987 2204 1153 2268 restinctis
1166 2203 1278 2267 colore
1294 2221 1356 2266 suo

273 2299 436 2364 redeunte.
480 2300 609 2363 Eodem
629 2306 735 2366 tractu
764 2303 944 2370 insularum
968 2303 1081 2386 sylvas
1106 2303 1214 2386 operit
1240 2309 1356 2381 aestus,

174 2389 181 2402 '
276 2417 465 2483 quanquam
480 2400 616 2466 altiores
630 2401 796 2483 platanis¹
819 2403 1024 2486 populisque
1039 2401 1219 2468 dunelmie.
1261 2401 1359 2466 Folia

275 2497 320 2561 iis
334 2499 445 2578 lauri,²
466 2501 528 2564 ilos
547 2503 647 2566 uiolae
661 2511 696 2568 et
710 2502 814 2566 odore
829 2510 864 2566 et
878 2502 998 2567 colore.
1041 2502 1177 2579 Becoee,
1197 2508 1236 2568 ut
1250 2501 1359 2579 oleis,¹¹

724 2664 905 2688 unacum

307 2775 375 2826 Car.
391 2789 415 2824 r..
449 2781 462 2824 l
480 2777 524 2854 lta
542 2778 617 2828 codd.
632 2778 759 2830 Hrrduiui
771 2789 798 2830 et
815 2777 899 2830 chiffl.
913 2795 971 2830 eum
981 2779 1048 2856 edd.
1067 2777 1195 2830 Haeduin.
1208 2785 1358 2856 etureeentt.

273 2841 1359 2970 mrttmtttdzttt'.t‘itt„tati'tlt3¹¹s,1l?¹„uta·5.;t:lf''·

277 3027 292 3040 ..
308 2965 375 3013 Cur.
393 2975 430 3015 ur.
464 2971 477 3014 1
495 2967 589 3029 Margo
599 2967 658 3018 edd.
670 2970 762 3019 Delec-
779 2978 806 3020 et
818 2971 932 3022 Gronov.
948 2971 1043 3021 altiora
1053 2968 1272 3032 saturem-u
1291 2967 1358 3020 Folia

272 3041 304 3076 ru
313 3029 464 3080 amaad.
476 3029 569 3080 Dulce.
581 3040 609 3080 et
620 3029 704 3082 chiffl.

758 3143 867 3196 NOTAE

305 3233 415 3282 *ΕΜ
432 3233 550 3298 Herculia]
564 3239 731 3303 Theophmt.
748 3239 797 3290 loc.
834 3242 904 3290 iuter
924 3255 1007 3291 muros
1027 3243 1067 3291 rel
1087 3242 1155 3292 inter
1172 3242 1239 3305 iprae
1258 3240 1358 3290 radicet

273 3307 318 3357 cit.
834 3313 1282 3368 delitescentibus:intemeratorum
1294 3317 1358 3366 illud

306 3385 368 3433 ·At
388 3385 412 3435 ιἰι
430 3387 540 3453 Oriente]
556 3388 622 3440 Hae
642 3403 742 3442 rursum
761 3407 795 3442 ex
834 3387 1027 3441 infertumsuit.
1060 3391 1189 3454 Theoplr.
1205 3389 1358 3450 itimar-

272 3456 399 3518 l'hecplrr.
412 3460 566 3512 illatum.
834 3481 867 3512 ra
884 3465 1003 3528 θηριόθηι·
1015 3465 1111 3516 πλείους
1127 3464 1153 3515 tt
1169 3466 1221 3529 Ιχιι
1236 3466 1292 3516 rolr
1302 3485 1357 3529 m·

307 3528 385 3579 1Ῥει
393 3535 795 3608 ιοίίιιιαίιιιι]ῐιιιοιιι,ἱιτῇγῇ,
834 3539 925 3602 xaplar.
958 3541 1120 3605 Hesychius:
1137 3543 1278 3607 Καρχιρίιιι,
1296 3545 1358 3592 eoa-

272 3603 402 3667 Theuplrr.
434 3609 794 3676 Receptorneaseidemdt·
834 3613 1237 3680 memrrdemmllxddoerldor·
1263 3621 1357 3672 aecr-

273 3678 414 3734 citurslroc
436 3691 487 3738 est,
506 3686 738 3752 summersione
759 3692 794 3741 ibi
833 3691 927 3740 ulculir
939 3693 1037 3753 egimus
1048 3707 1088 3744 rx.
1100 3698 1139 3744 70.

273 3765 340 3836 rure,
352 3763 459 3818 propter
469 3755 794 3826 serrorer,etaqurrpeuu·
865 3763 874 3798 ¹
890 3765 938 3820 Qui
956 3768 1107 3834 ιιιιιιίςιιιιη]
1123 3770 1292 3833 Theophrret.
1307 3771 1357 3822 loc.

272 3840 346 3877 rtem.
833 3839 881 3889 clt.

304 3903 356 3951 ‘In
367 3907 498 3970 mmo]
509 3908 634 3972 Tltroplrr.
645 3911 701 3962 loeo
711 3914 794 3976 prorl·
865 3923 878 3957 Ι
892 3916 995 3980 darm]
1020 3917 1131 3983 Reliqua
1145 3917 1280 3983 (1θίΜοΡῆ
1298 3935 1356 3985 qum

272 3977 412 4026 meritare.
833 3990 880 4038 troc
901 3992 989 4054 cupite
1012 3993 1186 4052 eeutioeutun
1207 4009 1240 4046 ea
1265 3997 1356 4046 eodem

305 4048 317 4080 ‘¹
335 4051 470 4114 fruticum]
485 4058 611 4122 Theophr.
623 4061 673 4110 loe.
683 4061 728 4110 olt.
831 4065 999 4129 'llteopltrarti
1020 4069 1078 4118 loco
1089 4070 1179 4132 petita.

306 4130 317 4152 ⁰
346 4127 475 4192 Cerealia]
500 4132 606 4186 Marinio
627 4137 732 4187 crnibus
751 4141 791 4190 rel
864 4141 985 4205 *Brucla
1003 4150 1029 4194 at
1045 4142 1112 4207 alde]
1130 4145 1356 4210 Fructuumagui·
