3190 4900
552 451 640 500 nar.
663 413 763 500 nisus.
785 451 857 517 qna
880 449 961 499 xvr.
980 435 1014 501 3.
1240 438 1327 506 2499

238 593 370 659 Cedunt
394 598 427 658 et
442 597 617 670 rostratis,¹
638 591 794 676 quamvis
817 592 852 656 in
878 591 1010 656 duobus
1032 595 1179 660 maxime
1195 595 1238 660 ad
1261 596 1324 664 hoo

238 697 302 762 aevi
318 695 487 760 eelebress
509 693 560 758 Μ.
577 693 729 759 Varrone
739 689 781 759 ho
793 695 946 777 piraticis
961 694 1069 770 bellis,
1084 693 1183 760 dante
1199 695 1326 780 Magno

238 796 420 881 Pompeio:
440 797 584 880 itemque
605 795 657 862 Μ.
672 793 843 880 Agrippa,¹
865 797 1028 862 tribuente
1046 797 1182 863 Caesare
1197 819 1215 864 e
1230 800 1326 866 Siou-

236 899 290 975 lis,
305 917 382 981 quae
398 905 432 962 et
450 899 529 980 ipsa
550 898 694 980 pirntioa
707 896 811 962 inere.
854 895 964 962 Antea
986 906 1098 964 rostra
1115 900 1250 966 navium
1266 903 1324 966 tri·

237 999 348 1064 bunali
362 997 503 1082 praelixa
521 999 607 1064 fori³
629 999 854 1078 decusatum,
875 1000 981 1065 veluti
1001 1001 1129 1084 populo
1143 1001 1242 1065 Rom.
1256 1002 1325 1084 ipsi

236 1117 358 1164 oorona
386 1099 565 1183 impositu:
586 1099 764 1182 postquam
786 1118 865 1164 varo
888 1100 1077 1166 tribuniciis
1102 1103 1324 1168 seditionibus

236 1200 359 1264 calcari
381 1220 422 1266 eo
445 1201 553 1284 pollui
575 1218 722 1286 coepere,
747 1207 925 1285 postquam
950 1203 1038 1267 vires
1059 1223 1103 1268 ex
1123 1204 1261 1287 publico
1290 1205 1325 1268 in

234 1301 398 1385 privatum
411 1304 476 1386 agi,
491 1303 697 1387 singulisque
711 1303 835 1368 civium
857 1304 974 1386 quoeri,
988 1311 1201 1370 sacrosancta
1214 1305 1325 1370 omnin

235 1401 376 1484 prolana
398 1403 535 1483 faeere,⁴
556 1412 628 1470 tum
651 1425 673 1471 a
694 1404 841 1490 pedibus
864 1423 980 1470 eornm
1001 1407 1130 1472 subiere
1150 1407 1184 1471 in
1209 1408 1324 1490 capita

690 1600 869 1624 eumn

229 1699 294 1758 lere.
325 1699 397 1755 Mox,
418 1698 445 1748 in
457 1699 557 1756 eaden.
573 1700 627 1762 ipss
646 1713 732 1752 eorm
747 1700 916 1762 inposite-t
934 1699 1024 1750 itaer
1042 1699 1119 1752 oodd.
1139 1701 1220 1765 lien.
1235 1697 1320 1750 chiffl.

234 1761 353 1840 liditione
365 1763 493 1840 principe,
505 1771 532 1812 et
544 1765 654 1812 Reaaon.
666 1763 749 1840 edidit
761 1765 874 1814 Brotier.
891 1765 917 1812 s's
932 1765 1053 1828 priorissa
1072 1766 1158 1828 nugis,
1176 1765 1324 1878 siskpelisqse

232 1841 319 1874 nosses
327 1841 413 1888 quara,
422 1832 446 1876 et
456 1831 605 1876 monaste
615 1841 694 1876 οιιιιιιιι
702 1825 804 1890 prosena
809 1826 889 1887 ferm
900 1829 992 1878 Doleo.
1004 1829 1058 1878 lile.
1069 1829 1185 1879 Gronov.
1223 1827 1323 1878 arduis.

235 1893 329 1940 Lm.
348 1897 376 1938 et
396 1896 507 1940 reeentt.
524 1905 576 1954 qsoe
590 1895 614 1940 st
629 1891 773 1940 annosuseti
790 1890 904 1942 Turneb.
920 1890 977 1941 sab.
994 1891 1146 1954 ‘Tribunl3’
1162 1899 1190 1943 et
1207 1894 1245 1942 sio
1264 1892 1323 1941 cod.
1429 1889 1430 1892 ’

233 1952 327 2001 Dalee.
350 1951 433 2010 soros
445 1954 522 2004 etiarn
534 1953 592 2003 cod.
604 1954 696 2004 Doleo.
708 1953 947 2019 eub.‘ooepen1nt.’
964 1954 1110 2018 ‘Postquam
1118 1957 1181 2006 obes
1190 1970 1221 2005 ex
1229 1956 1322 2020 pallies

234 2015 260 2064 is
275 2016 394 2091 priorissa
404 2015 457 2088 egi,
472 2017 713 2094 murnum,
731 2023 755 2068 st
770 2019 914 2094 nsrosmeti
931 2018 1009 2094 oasin
1024 2019 1222 2081 mansuem,
1239 2025 1289 2068 taes
1306 2035 1323 2094 q

229 2079 328 2140 pedibus
336 2093 426 2143 emsa,
436 2081 490 2144 tre]
507 2082 550 2132 lta
559 2081 630 2132 loeus
640 2081 685 2130 sile
702 2094 728 2130 ιιι
745 2083 850 2145 optsnris
861 2081 1016 2132 membranis
1028 2083 1135 2146 legitur:
1154 2083 1198 2133 obl
1208 2083 1271 2132 eires
1280 2093 1322 2142 ass

619 2275 623 2286 ·
727 2243 834 2294 NO'l'AE

231 2345 257 2381 r.
277 2337 302 2382 o.
328 2347 473 2399 quanquam
496 2341 524 2384 et
546 2337 656 2387 nrnralee
678 2335 756 2401 idenr,
795 2343 842 2389 eet.
873 2336 1186 2400 castrensle<esdemque
1208 2335 1324 2400 vallaris)

231 2415 426 2474 castrensesque
437 2423 483 2459 eeu
495 2411 613 2475 vallares,
629 2418 657 2462 et
668 2413 755 2464 elassi-
796 2420 954 2477 estentona,
971 2427 1021 2478 qua
1035 2412 1115 2463 donst
1127 2427 1185 2462 eona
1205 2412 1323 2478 Impera·

231 2497 274 2533 eae
291 2499 323 2534 ex
344 2499 407 2535 auro
425 2487 534 2552 perinde
545 2501 603 2538 esse
620 2488 756 2542 factitatas
784 2483 847 2554 tor,
865 2489 908 2554 qni
929 2489 1025 2552 primus
1036 2487 1145 2538 boetium
1161 2494 1247 2537 rastra
1259 2501 1324 2550 pug-

230 2560 285 2616 ait=
307 2563 594 2631 quodetl’liniusipse
606 2566 756 2618 ridetnrin·
795 2576 859 2613 nans
880 2563 1008 2614 introivit.
1042 2563 1081 2612 lia
1101 2575 1198 2612 oorona
1220 2561 1322 2626 insigne

227 2651 317 2699 nuere,
332 2653 356 2688 o.
369 2644 393 2687 o.
427 2639 520 2702 Neque
543 2647 628 2690 tamen
652 2654 756 2704 semper
795 2636 954 2687 vallibabet.

229 2710 318 2761 fueret
345 2720 374 2762 ιιι
394 2727 427 2762 ex
444 2714 593 2778 'l'ranqnillo
615 2715 707 2779 llqnot,
728 2715 755 2764 ln
826 2714 890 2761 ΙΕι
908 2711 1033 2774 mma]
1048 2713 1110 2762 Sive
1132 2711 1246 2772 navales,
1271 2725 1322 2761 est·

231 2784 348 2848 Augusto
368 2788 691 2838 r.2⁶.‘1)ooamliltaria
708 2788 755 2838 all·
794 2787 904 2850 deraque
914 2787 1041 2836 olaseiore:
1059 2786 1150 2850 quibos
1169 2786 1323 2845 donatoris,

229 2867 325 2926 quanto
336 2861 446 2924 facilins,
464 2863 592 2926 phalerae,
602 2869 630 2912 et
641 2855 754 2927 torques,
795 2862 838 2926 qui
858 2860 956 2924 primns
971 2862 996 2911 in
1006 2861 1117 2912 boatium
1135 2874 1227 2910 nasein
1239 2874 1319 2920 arura·

229 2937 350 3002 quioquid
362 2951 424 2986 auro
436 2945 595 3003 argentoque
611 2945 755 3002 constaret,
795 2947 836 2992 tus
856 2940 881 2990 sl
902 2926 1062 2991 transiliret:
1079 2954 1109 2990 ea
1128 2939 1200 3004 qnasi
1219 2940 1322 2990 narium

229 3027 305 3076 quana
327 3014 438 3064 vallares
456 3028 488 3064 ae
508 3015 619 3069 murales
636 3028 753 3076 auronae,
795 3016 884 3070 rostris
896 3015 1017 3078 insignita
1031 3021 1082 3066 eet.
1108 3014 1151 3065 lta
1160 3014 1261 3064 Gellius
1271 3013 1321 3064 loe.

227 3102 287 3152 qnae
315 3087 410 3141 bonore
445 3089 637 3152 praecellerent,
660 3089 754 3140 dabatr
794 3091 839 3142 sit.

229 3163 284 3224 bas,
294 3176 371 3227 qnam
389 3163 549 3225 parnlsslrne,
563 3168 591 3213 et
608 3163 663 3212 sine
674 3163 755 3215 anibi·
826 3163 839 3200 ἱ
856 3165 894 3214 Μ.
915 3161 1032 3224 Varrone]
1048 3163 1088 3214 lle
1099 3175 1131 3212 eo
1147 3162 1257 3214 tisino·
1269 3176 1320 3214 arr.

227 3237 310 3300 tione,
321 3251 351 3288 se
362 3251 433 3301 sape
443 3237 522 3288 etism
533 3237 653 3300 saligstls
671 3235 751 3288 tribu·
794 3244 836 3290 tl.

228 3311 268 3362 it.'
293 3312 433 3363 Prelatm
453 3318 539 3362 auteur
558 3325 621 3362 auro
646 3311 755 3362 eirlnanr
825 3311 1020 3378 messappo]
1043 3312 1165 3376 Epitorne
1187 3310 1255 3363 uisu
1277 3312 1321 3362 lib.

228 3395 356 3451 preterea
367 3387 482 3439 declarat
494 3386 536 3436 bio
556 3386 668 3449 Augusti
676 3387 753 3450 loona
793 3400 888 3438 σιω.
904 3389 958 3440 Ἥ.
975 3385 1093 3450 Agrippa
1106 3387 1190 3437 navali
1198 3401 1293 3437 corona
1305 3401 1320 3436 a

228 3461 296 3526 apud
316 3463 423 3513 Fabiana
435 3477 475 3514 vr.
492 3465 518 3514 8.
542 3461 623 3514 ‘cnm
642 3462 666 3512 ei
683 3462 754 3513 Galli
794 3463 898 3512 cesare
909 3459 1055 3526 (Augusto)
1074 3461 1185 3512 donatus
1204 3469 1258 3512 est:
1276 3462 1321 3525 qni

228 3544 345 3602 torquent
367 3553 472 3590 aureum
489 3545 592 3590 centurn
611 3538 697 3602 pondo
709 3539 756 3590 de·
793 3538 978 3590 honosneminl
997 3545 1058 3589 ante
1070 3551 1128 3588 eom
1146 3538 1247 3589 babitus
1261 3537 1321 3598 est,’

228 3613 373 3674 dissent,et
385 3614 522 3664 Dolabella
534 3613 687 3678 pasionum,
698 3620 757 3665 ten·
794 3626 887 3676 nempe
904 3627 921 3662 a
936 3611 1051 3662 Cesare.
1077 3613 1203 3676 Virgilius
1219 3610 1320 3663 noeto.

227 3689 754 3753 tanetameojooisnlevento-‚disisaetr
792 3698 855 3736 vrrs.
874 3689 931 3738 ost.
950 3689 958 3716 ⁴
972 3687 1053 3740 Parte
1069 3687 1121 3738 alia
1132 3687 1216 3738 sentis
1231 3694 1259 3738 et
1271 3687 1321 3737 llis

228 3763 492 3828 imponentesque
511 3779 553 3814 ms
572 3765 659 3814 done:
684 3765 756 3814 Malo
793 3759 912 3825 Agrippa
946 3762 1065 3812 seonndie
1098 3762 1204 3812 Ardnns
1229 3775 1321 3824 agmen

228 3845 266 3897 te,
285 3838 474 3902 inquinetur·
496 3838 613 3888 donare!
645 3840 757 3890 Muralie
793 3849 887 3898 agenor
904 3837 956 3900 coi,
973 3837 1034 3890 belli
1055 3838 1156 3902 lusique
1171 3836 1321 3900 superbum,

227 3928 305 3976 porro
322 3927 417 3964 corona
436 3921 484 3970 est,
506 3913 591 3978 inquit
607 3914 707 3965 Gellius
727 3929 756 3964 v.
792 3911 920 3974 Tempora
930 3913 1015 3964 navali
1033 3911 1135 3975 t‘nlqent
1155 3907 1267 3961 rostrata
1278 3926 1321 3962 oo·

226 3994 252 4038 o.
264 4005 290 4054 p.
310 3993 367 4039 tit.
383 4003 435 4054 qus
445 3987 555 4038 donator
566 3987 599 4037 ab
610 3987 753 4053 imperato·
794 3985 873 4034 rona·
904 3986 992 4036 Sionla
1002 3986 1069 4036 bella
1079 3992 1150 4049 sunt,
1160 4001 1218 4051 qnae
1231 3987 1321 4040 adver·

228 4079 265 4122 re,
283 4065 436 4132 quiprlsnus
453 4076 553 4112 murnnr
570 4062 657 4124 subiit,
676 4061 754 4126 inque
794 4073 838 4110 eus
854 4060 979 4123 Lepidum
996 4069 1024 4110 et
1039 4063 1147 4113 Sextum
1167 4063 1321 4127 Pompeiani

227 4140 350 4204 oppidum
361 4139 472 4190 laostiuna
490 4152 536 4201 per
553 4137 603 4188 viar
623 4136 754 4189 asendit:
796 4135 875 4200 pessit
886 4134 1024 4199 Augustos.

232 4215 329 4268 ideireo
345 4215 417 4279 qussi
440 4215 505 4266 nturi
524 4213 609 4278 pinnis
630 4211 756 4264 decerne
