<?xml version="1.0" encoding="UTF-8"?>
<!DOCTYPE html PUBLIC "-//W3C//DTD XHTML 1.0 Transitional//EN"
    "http://www.w3.org/TR/xhtml1/DTD/xhtml1-transitional.dtd">
<html xmlns="http://www.w3.org/1999/xhtml" xml:lang="en" lang="en">
 <head>
  <title>
</title>
<meta http-equiv="Content-Type" content="text/html;charset=utf-8" />
  <meta name='ocr-system' content='tesseract 3.04.00' />
  <meta name='ocr-capabilities' content='ocr_page ocr_carea ocr_par ocr_line ocrx_word'/>
</head>
<body>
  <div class='ocr_page' id='page_1' title='image "./cpliniisecundin07brotgoog_0046.png"; bbox 0 0 3092 4878; ppageno 0'>
   <div class='ocr_carea' id='block_1_1' title="bbox 473 380 1267 449">
    <p class='ocr_par' dir='ltr' id='par_1_1' title="bbox 473 380 1267 449">
     <span class='ocr_line' id='line_1_1' title="bbox 473 380 1267 449; baseline 0.001 -1"><span class='ocrx_word' id='word_1_1' title='bbox 473 399 561 448; x_wconf 69' lang='grc' dir='ltr'><strong>ΝΗ.</strong></span> <span class='ocrx_word' id='word_1_2' title='bbox 585 397 683 446; x_wconf 71' lang='lat' dir='ltr'><strong>urse.</strong></span> <span class='ocrx_word' id='word_1_3' title='bbox 708 397 891 446; x_wconf 77' lang='lat' dir='ltr'><strong>urs.x111.</strong></span> <span class='ocrx_word' id='word_1_4' title='bbox 914 383 967 446; x_wconf 74' lang='lat'><strong>24.</strong></span> <span class='ocrx_word' id='word_1_5' title='bbox 1182 380 1267 449; x_wconf 73' lang='lat'><strong>2291</strong></span> 
     </span>
    </p>
   </div>
   <div class='ocr_carea' id='block_1_2' title="bbox 12 541 1271 1540">
    <p class='ocr_par' dir='ltr' id='par_1_2' title="bbox 12 541 1271 1540">
     <span class='ocr_line' id='line_1_2' title="bbox 176 541 1268 628; baseline -0.004 -18"><span class='ocrx_word' id='word_1_6' title='bbox 176 563 240 610; x_wconf 85' lang='lat' dir='ltr'><strong>sex</strong></span> <span class='ocrx_word' id='word_1_7' title='bbox 257 545 381 628; x_wconf 76' lang='lat' dir='ltr'><strong>digitos</strong></span> <span class='ocrx_word' id='word_1_8' title='bbox 402 563 467 607; x_wconf 89' lang='lat' dir='ltr'><strong>non</strong></span> <span class='ocrx_word' id='word_1_9' title='bbox 489 543 634 608; x_wconf 73' lang='lat' dir='ltr'><strong>excedit.</strong></span> <span class='ocrx_word' id='word_1_10' title='bbox 691 542 864 608; x_wconf 75' lang='lat' dir='ltr'><strong>Praeterea</strong></span> <span class='ocrx_word' id='word_1_11' title='bbox 885 547 1080 625; x_wconf 79' lang='lat' dir='ltr'>spectantur</span> <span class='ocrx_word' id='word_1_12' title='bbox 1094 542 1129 606; x_wconf 91' lang='lat' dir='ltr'><strong>in</strong></span> <span class='ocrx_word' id='word_1_13' title='bbox 1144 541 1268 606; x_wconf 82' lang='lat' dir='ltr'><strong>chartis</strong></span> 
     </span>
     <span class='ocr_line' id='line_1_3' title="bbox 177 643 1269 723; baseline -0.004 -13"><span class='ocrx_word' id='word_1_14' title='bbox 177 647 332 722; x_wconf 84' lang='lat' dir='ltr'><strong>tenuitas,</strong></span> <span class='ocrx_word' id='word_1_15' title='bbox 361 645 524 723; x_wconf 77' lang='lat' dir='ltr'><strong>densitas,</strong></span> <span class='ocrx_word' id='word_1_16' title='bbox 558 643 693 720; x_wconf 85' lang='lat' dir='ltr'><strong>candor,</strong></span> <span class='ocrx_word' id='word_1_17' title='bbox 721 643 835 708; x_wconf 80' lang='lat' dir='ltr'><strong>laevor.</strong></span> <span class='ocrx_word' id='word_1_18' title='bbox 889 644 1095 707; x_wconf 79' lang='lat' dir='ltr'><strong>l‘rimstumP</strong></span> <span class='ocrx_word' id='word_1_19' title='bbox 1127 643 1269 707; x_wconf 84' lang='lat' dir='ltr'><strong>mutavit</strong></span> 
     </span>
     <span class='ocr_line' id='line_1_4' title="bbox 13 745 1271 829; baseline -0.002 -19"><span class='ocrx_word' id='word_1_20' title='bbox 13 783 14 794; x_wconf 30' lang='grc' dir='ltr'><strong>κ</strong></span> <span class='ocrx_word' id='word_1_21' title='bbox 177 746 344 812; x_wconf 81' lang='lat' dir='ltr'><strong>Claudius</strong></span> <span class='ocrx_word' id='word_1_22' title='bbox 365 745 498 812; x_wconf 77' lang='lat' dir='ltr'><strong>Caesar:</strong></span> <span class='ocrx_word' id='word_1_23' title='bbox 520 747 621 810; x_wconf 85' lang='lat' dir='ltr'><strong>nimiu</strong></span> <span class='ocrx_word' id='word_1_24' title='bbox 636 746 762 829; x_wconf 88' lang='lat' dir='ltr'><strong>quippe</strong></span> <span class='ocrx_word' id='word_1_25' title='bbox 777 745 939 826; x_wconf 76' lang='lat' dir='ltr'><strong>Augustae</strong></span> <span class='ocrx_word' id='word_1_26' title='bbox 961 746 1106 810; x_wconf 77' lang='lat' dir='ltr'><strong>tenuitas</strong></span> <span class='ocrx_word' id='word_1_27' title='bbox 1129 746 1271 810; x_wconf 87' lang='lat' dir='ltr'><strong>toleran-</strong></span> 
     </span>
     <span class='ocr_line' id='line_1_5' title="bbox 12 795 1269 918; baseline 0 -8"><span class='ocrx_word' id='word_1_28' title='bbox 12 795 18 910; x_wconf 52' lang='lat' dir='ltr'><strong>l</strong></span> <span class='ocrx_word' id='word_1_29' title='bbox 156 845 233 912; x_wconf 58' lang='lat' dir='ltr'><strong>ldie</strong></span> <span class='ocrx_word' id='word_1_30' title='bbox 256 868 323 911; x_wconf 90' lang='lat' dir='ltr'><strong>non</strong></span> <span class='ocrx_word' id='word_1_31' title='bbox 348 847 533 912; x_wconf 84' lang='lat' dir='ltr'><strong>sufficiebat</strong></span> <span class='ocrx_word' id='word_1_32' title='bbox 555 847 707 918; x_wconf 67' lang='lat' dir='ltr'><strong>enanis,</strong></span> <span class='ocrx_word' id='word_1_33' title='bbox 746 847 802 910; x_wconf 86' lang='lat' dir='ltr'><strong>Ad</strong></span> <span class='ocrx_word' id='word_1_34' title='bbox 824 846 888 911; x_wconf 88' lang='lat' dir='ltr'><strong>hoo</strong></span> <span class='ocrx_word' id='word_1_35' title='bbox 909 849 1138 912; x_wconf 88' lang='lat' dir='ltr'><strong>transmittens</strong></span> <span class='ocrx_word' id='word_1_36' title='bbox 1152 847 1269 911; x_wconf 76' lang='lat' dir='ltr'><strong>literas</strong></span> 
     </span>
     <span class='ocr_line' id='line_1_6' title="bbox 176 947 1268 1014; baseline -0.002 -1"><span class='ocrx_word' id='word_1_37' title='bbox 176 949 286 1014; x_wconf 85' lang='lat' dir='ltr'><strong>lituroe</strong></span> <span class='ocrx_word' id='word_1_38' title='bbox 315 956 441 1012; x_wconf 90' lang='lat' dir='ltr'><strong>metum</strong></span> <span class='ocrx_word' id='word_1_39' title='bbox 472 947 635 1013; x_wconf 84' lang='lat' dir='ltr'><strong>afferebat</strong></span> <span class='ocrx_word' id='word_1_40' title='bbox 663 967 706 1012; x_wconf 81' lang='lat' dir='ltr'><strong>ex</strong></span> <span class='ocrx_word' id='word_1_41' title='bbox 732 948 876 1012; x_wconf 84' lang='lat' dir='ltr'><strong>eversis:</strong></span> <span class='ocrx_word' id='word_1_42' title='bbox 889 955 924 994; x_wconf 65' lang='lat' dir='ltr'><strong>&#39;q</strong></span> <span class='ocrx_word' id='word_1_43' title='bbox 945 957 980 1012; x_wconf 91' lang='lat' dir='ltr'><strong>et</strong></span> <span class='ocrx_word' id='word_1_44' title='bbox 1000 948 1268 1013; x_wconf 86' lang='lat' dir='ltr'><strong>elias&#39;indeooro</strong></span> 
     </span>
     <span class='ocr_line' id='line_1_7' title="bbox 177 1049 1270 1134; baseline 0 -19"><span class='ocrx_word' id='word_1_45' title='bbox 177 1051 255 1115; x_wconf 85' lang='lat' dir='ltr'><strong>visu</strong></span> <span class='ocrx_word' id='word_1_46' title='bbox 284 1050 555 1134; x_wconf 82' lang='lat' dir='ltr'><strong>pertrausluoidu.</strong></span> <span class='ocrx_word' id='word_1_47' title='bbox 599 1049 767 1132; x_wconf 64' lang='lat' dir='ltr'><strong>Igiturfe</strong></span> <span class='ocrx_word' id='word_1_48' title='bbox 796 1050 943 1114; x_wconf 86' lang='lat' dir='ltr'><strong>seeundo</strong></span> <span class='ocrx_word' id='word_1_49' title='bbox 973 1051 1064 1115; x_wconf 92' lang='lat' dir='ltr'><strong>corio</strong></span> <span class='ocrx_word' id='word_1_50' title='bbox 1088 1052 1270 1115; x_wconf 73' lang='lat' dir='ltr'><strong>statumina</strong></span> 
     </span>
     <span class='ocr_line' id='line_1_8' title="bbox 177 1150 1271 1250; baseline 0 -36"><span class='ocrx_word' id='word_1_51' title='bbox 177 1150 268 1215; x_wconf 81' lang='lat' dir='ltr'><strong>lacta</strong></span> <span class='ocrx_word' id='word_1_52' title='bbox 296 1157 394 1214; x_wconf 87' lang='lat' dir='ltr'><strong>sunt:</strong></span> <span class='ocrx_word' id='word_1_53' title='bbox 418 1171 450 1250; x_wconf 76' lang='grc' dir='ltr'><strong>οΙ</strong></span> <span class='ocrx_word' id='word_1_54' title='bbox 466 1153 584 1236; x_wconf 88' lang='lat' dir='ltr'><strong>primo,</strong></span> <span class='ocrx_word' id='word_1_55' title='bbox 612 1151 822 1216; x_wconf 73' lang='lat' dir='ltr'><strong>subtemina.²</strong></span> <span class='ocrx_word' id='word_1_56' title='bbox 864 1150 974 1215; x_wconf 85' lang='lat' dir='ltr'><strong>Auxit</strong></span> <span class='ocrx_word' id='word_1_57' title='bbox 995 1160 1030 1216; x_wconf 93' lang='lat' dir='ltr'><strong>et</strong></span> <span class='ocrx_word' id='word_1_58' title='bbox 1051 1151 1271 1216; x_wconf 86' lang='lat' dir='ltr'><strong>latitudinem.</strong></span> 
     </span>
     <span class='ocr_line' id='line_1_9' title="bbox 178 1251 1268 1329; baseline 0.001 -14"><span class='ocrx_word' id='word_1_59' title='bbox 178 1251 315 1316; x_wconf 81' lang='lat' dir='ltr'><strong>Pedalis</strong></span> <span class='ocrx_word' id='word_1_60' title='bbox 330 1257 576 1329; x_wconf 84' lang='lat' dir='ltr'><strong>erat-mensure,</strong></span> <span class='ocrx_word' id='word_1_61' title='bbox 592 1259 626 1316; x_wconf 92' lang='lat' dir='ltr'><strong>et</strong></span> <span class='ocrx_word' id='word_1_62' title='bbox 640 1255 798 1317; x_wconf 79' lang='lat' dir='ltr'><strong>cubitalis</strong></span> <span class='ocrx_word' id='word_1_63' title='bbox 814 1252 1026 1317; x_wconf 88' lang='lat' dir='ltr'><strong>maoroeollis</strong></span> <span class='ocrx_word' id='word_1_64' title='bbox 1036 1273 1045 1317; x_wconf 77' lang='lat' dir='ltr'><strong>r</strong></span> <span class='ocrx_word' id='word_1_65' title='bbox 1057 1261 1088 1299; x_wconf 82' lang='lat'><strong>³⁸</strong></span> <span class='ocrx_word' id='word_1_66' title='bbox 1110 1252 1170 1316; x_wconf 89' lang='lat' dir='ltr'><strong>sed</strong></span> <span class='ocrx_word' id='word_1_67' title='bbox 1183 1255 1268 1317; x_wconf 88' lang='lat' dir='ltr'><strong>ratio</strong></span> 
     </span>
     <span class='ocr_line' id='line_1_10' title="bbox 178 1351 1269 1438; baseline 0.002 -24"><span class='ocrx_word' id='word_1_68' title='bbox 178 1351 391 1435; x_wconf 81' lang='lat' dir='ltr'><strong>deprehendit</strong></span> <span class='ocrx_word' id='word_1_69' title='bbox 414 1355 544 1431; x_wconf 85' lang='lat' dir='ltr'><strong>vitium,</strong></span> <span class='ocrx_word' id='word_1_70' title='bbox 567 1355 667 1418; x_wconf 88' lang='lat' dir='ltr'><strong>unius</strong></span> <span class='ocrx_word' id='word_1_71' title='bbox 693 1354 844 1418; x_wconf 75' lang='lat' dir='ltr'><strong>sohedoe‘</strong></span> <span class='ocrx_word' id='word_1_72' title='bbox 866 1353 1052 1418; x_wconf 84' lang='lat' dir='ltr'><strong>revulsione</strong></span> <span class='ocrx_word' id='word_1_73' title='bbox 1082 1355 1193 1438; x_wconf 88' lang='lat' dir='ltr'><strong>plores</strong></span> <span class='ocrx_word' id='word_1_74' title='bbox 1222 1355 1269 1416; x_wconf 93' lang='lat' dir='ltr'><strong>in-</strong></span> 
     </span>
     <span class='ocr_line' id='line_1_11' title="bbox 177 1452 1270 1540; baseline 0.003 -23"><span class='ocrx_word' id='word_1_75' title='bbox 177 1452 321 1520; x_wconf 78' lang='lat' dir='ltr'><strong>testante</strong></span> <span class='ocrx_word' id='word_1_76' title='bbox 335 1456 486 1538; x_wconf 77' lang='lat' dir='ltr'><strong>paginus.</strong></span> <span class='ocrx_word' id='word_1_77' title='bbox 532 1455 585 1520; x_wconf 90' lang='lat' dir='ltr'><strong>Ob</strong></span> <span class='ocrx_word' id='word_1_78' title='bbox 601 1455 674 1522; x_wconf 88' lang='lat' dir='ltr'><strong>lraeo</strong></span> <span class='ocrx_word' id='word_1_79' title='bbox 686 1456 828 1540; x_wconf 83' lang='lat' dir='ltr'><strong>praelato</strong></span> <span class='ocrx_word' id='word_1_80' title='bbox 843 1456 998 1520; x_wconf 86' lang='lat' dir='ltr'><strong>omnibns</strong></span> <span class='ocrx_word' id='word_1_81' title='bbox 1014 1454 1168 1532; x_wconf 85' lang='lat' dir='ltr'><strong>Claudia,</strong></span> <span class='ocrx_word' id='word_1_82' title='bbox 1183 1453 1270 1539; x_wconf 88' lang='lat' dir='ltr'><strong>(An-</strong></span> 
     </span>
    </p>
   </div>
   <div class='ocr_carea' id='block_1_3' title="bbox 634 1668 813 1690">
    <p class='ocr_par' dir='ltr' id='par_1_3' title="bbox 634 1668 813 1690">
     <span class='ocr_line' id='line_1_12' title="bbox 634 1668 813 1690; baseline -0.011 0"><span class='ocrx_word' id='word_1_83' title='bbox 634 1669 661 1690; x_wconf 68' lang='grc' dir='ltr'><strong>ΟΙ</strong></span> <span class='ocrx_word' id='word_1_84' title='bbox 666 1668 783 1690; x_wconf 57' lang='grc' dir='ltr'><strong>ΙΙΙΙΙΙΙ</strong></span> <span class='ocrx_word' id='word_1_85' title='bbox 784 1671 813 1688; x_wconf 71' lang='grc' dir='ltr'><strong>Ν</strong></span> 
     </span>
    </p>
   </div>
   <div class='ocr_carea' id='block_1_4' title="bbox 178 1801 1274 2110">
    <p class='ocr_par' dir='ltr' id='par_1_4' title="bbox 178 1801 1274 2110">
     <span class='ocr_line' id='line_1_13' title="bbox 212 1801 1273 1864; baseline 0.002 -14"><span class='ocrx_word' id='word_1_86' title='bbox 212 1801 279 1850; x_wconf 78' lang='lat' dir='ltr'><strong>Cer.</strong></span> <span class='ocrx_word' id='word_1_87' title='bbox 298 1815 380 1851; x_wconf 82' lang='lat' dir='ltr'><strong>xxrr.</strong></span> <span class='ocrx_word' id='word_1_88' title='bbox 413 1807 426 1850; x_wconf 90' lang='lat' dir='ltr'><strong>l</strong></span> <span class='ocrx_word' id='word_1_89' title='bbox 445 1801 558 1852; x_wconf 81' lang='lat' dir='ltr'><strong>ltevet.</strong></span> <span class='ocrx_word' id='word_1_90' title='bbox 576 1801 663 1852; x_wconf 80' lang='lat' dir='ltr'><strong>Doleo.</strong></span> <span class='ocrx_word' id='word_1_91' title='bbox 682 1815 770 1851; x_wconf 80' lang='lat' dir='ltr'><strong>omues</strong></span> <span class='ocrx_word' id='word_1_92' title='bbox 786 1803 861 1851; x_wconf 84' lang='lat' dir='ltr'><strong>codd.</strong></span> <span class='ocrx_word' id='word_1_93' title='bbox 880 1802 1017 1864; x_wconf 82' lang='lat' dir='ltr'><strong>Herduini,</strong></span> <span class='ocrx_word' id='word_1_94' title='bbox 1034 1803 1094 1852; x_wconf 88' lang='lat' dir='ltr'><strong>edd.</strong></span> <span class='ocrx_word' id='word_1_95' title='bbox 1106 1801 1233 1852; x_wconf 83' lang='lat' dir='ltr'><strong>llardniu.</strong></span> <span class='ocrx_word' id='word_1_96' title='bbox 1244 1810 1273 1852; x_wconf 92' lang='lat' dir='ltr'><strong>et</strong></span> 
     </span>
     <span class='ocr_line' id='line_1_14' title="bbox 179 1865 1272 1931; baseline 0.002 -17"><span class='ocrx_word' id='word_1_97' title='bbox 179 1871 322 1914; x_wconf 65' lang='lat' dir='ltr'><strong>recentes</strong></span> <span class='ocrx_word' id='word_1_98' title='bbox 344 1865 423 1916; x_wconf 77' lang='lat' dir='ltr'><strong>eredat</strong></span> <span class='ocrx_word' id='word_1_99' title='bbox 438 1881 470 1914; x_wconf 74' lang='lat' dir='ltr'><strong>ee</strong></span> <span class='ocrx_word' id='word_1_100' title='bbox 484 1866 589 1916; x_wconf 66' lang='lat' dir='ltr'><strong>danne</strong></span> <span class='ocrx_word' id='word_1_101' title='bbox 608 1868 664 1915; x_wconf 90' lang='lat' dir='ltr'><strong>cod.</strong></span> <span class='ocrx_word' id='word_1_102' title='bbox 681 1867 771 1916; x_wconf 82' lang='lat' dir='ltr'><strong>Doleo.</strong></span> <span class='ocrx_word' id='word_1_103' title='bbox 787 1865 903 1931; x_wconf 78' lang='lat' dir='ltr'><strong>offerebat</strong></span> <span class='ocrx_word' id='word_1_104' title='bbox 919 1868 1024 1918; x_wconf 78' lang='lat' dir='ltr'><strong>aduersis</strong></span> <span class='ocrx_word' id='word_1_105' title='bbox 1039 1868 1155 1917; x_wconf 76' lang='lat' dir='ltr'><strong>Gronov.</strong></span> <span class='ocrx_word' id='word_1_106' title='bbox 1172 1875 1200 1916; x_wconf 91' lang='lat' dir='ltr'><strong>et</strong></span> <span class='ocrx_word' id='word_1_107' title='bbox 1210 1866 1272 1916; x_wconf 89' lang='lat' dir='ltr'><strong>edd.</strong></span> 
     </span>
     <span class='ocr_line' id='line_1_15' title="bbox 180 1929 1273 1996; baseline 0.004 -21"><span class='ocrx_word' id='word_1_108' title='bbox 180 1934 295 1978; x_wconf 73' lang='lat' dir='ltr'><strong>retu-2</strong></span> <span class='ocrx_word' id='word_1_109' title='bbox 328 1939 355 1978; x_wconf 85' lang='lat' dir='ltr'><strong>ta</strong></span> <span class='ocrx_word' id='word_1_110' title='bbox 367 1929 477 1979; x_wconf 85' lang='lat' dir='ltr'><strong>Brotier.</strong></span> <span class='ocrx_word' id='word_1_111' title='bbox 487 1944 503 1978; x_wconf 92' lang='lat' dir='ltr'><strong>e</strong></span> <span class='ocrx_word' id='word_1_112' title='bbox 515 1929 572 1980; x_wconf 88' lang='lat' dir='ltr'><strong>eod.</strong></span> <span class='ocrx_word' id='word_1_113' title='bbox 585 1931 652 1993; x_wconf 72' lang='lat' dir='ltr'><strong>Reg.</strong></span> <span class='ocrx_word' id='word_1_114' title='bbox 665 1934 689 1980; x_wconf 86' lang='lat' dir='ltr'><strong>l.</strong></span> <span class='ocrx_word' id='word_1_115' title='bbox 705 1930 853 1992; x_wconf 71' lang='lat' dir='ltr'><strong>subtegmina</strong></span> <span class='ocrx_word' id='word_1_116' title='bbox 865 1931 951 1981; x_wconf 76' lang='lat' dir='ltr'><strong>Editio</strong></span> <span class='ocrx_word' id='word_1_117' title='bbox 964 1933 1092 1996; x_wconf 80' lang='lat' dir='ltr'><strong>princepe,</strong></span> <span class='ocrx_word' id='word_1_118' title='bbox 1105 1930 1233 1981; x_wconf 82' lang='lat' dir='ltr'><strong>llnrduin.</strong></span> <span class='ocrx_word' id='word_1_119' title='bbox 1247 1934 1273 1979; x_wconf 88' lang='lat'><strong>1.</strong></span> 
     </span>
     <span class='ocr_line' id='line_1_16' title="bbox 179 1993 1274 2058; baseline 0.002 -16"><span class='ocrx_word' id='word_1_120' title='bbox 179 1998 205 2042; x_wconf 76' lang='lat'><strong>2.</strong></span> <span class='ocrx_word' id='word_1_121' title='bbox 216 1997 241 2042; x_wconf 65' lang='grc' dir='ltr'><strong>Β.</strong></span> <span class='ocrx_word' id='word_1_122' title='bbox 250 1993 347 2042; x_wconf 81' lang='lat' dir='ltr'><strong>Miller.</strong></span> <span class='ocrx_word' id='word_1_123' title='bbox 360 1993 466 2057; x_wconf 79' lang='lat' dir='ltr'><strong>llipont.</strong></span> <span class='ocrx_word' id='word_1_124' title='bbox 479 2001 505 2043; x_wconf 85' lang='lat' dir='ltr'><strong>et</strong></span> <span class='ocrx_word' id='word_1_125' title='bbox 515 1995 607 2044; x_wconf 80' lang='lat' dir='ltr'><strong>Frena.</strong></span> <span class='ocrx_word' id='word_1_126' title='bbox 634 1994 716 2056; x_wconf 76' lang='lat' dir='ltr'><strong>Igitur</strong></span> <span class='ocrx_word' id='word_1_127' title='bbox 726 2000 750 2043; x_wconf 82' lang='lat' dir='ltr'><strong>et</strong></span> <span class='ocrx_word' id='word_1_128' title='bbox 759 2009 780 2042; x_wconf 82' lang='lat' dir='ltr'><strong>e.</strong></span> <span class='ocrx_word' id='word_1_129' title='bbox 790 2011 810 2044; x_wconf 83' lang='lat' dir='ltr'><strong>c.</strong></span> <span class='ocrx_word' id='word_1_130' title='bbox 819 2010 840 2045; x_wconf 83' lang='lat' dir='ltr'><strong>e.</strong></span> <span class='ocrx_word' id='word_1_131' title='bbox 846 1995 871 2055; x_wconf 83' lang='lat' dir='ltr'><strong>f.</strong></span> <span class='ocrx_word' id='word_1_132' title='bbox 881 2001 936 2044; x_wconf 78' lang='lat' dir='ltr'><strong>eunt</strong></span> <span class='ocrx_word' id='word_1_133' title='bbox 947 1997 1044 2058; x_wconf 83' lang='lat' dir='ltr'><strong>epriuro</strong></span> <span class='ocrx_word' id='word_1_134' title='bbox 1051 1996 1196 2056; x_wconf 72' lang='lat' dir='ltr'><strong>subtegmine</strong></span> <span class='ocrx_word' id='word_1_135' title='bbox 1207 1994 1274 2045; x_wconf 86' lang='lat' dir='ltr'><strong>Gro-</strong></span> 
     </span>
     <span class='ocr_line' id='line_1_17' title="bbox 178 2057 1274 2110; baseline 0.001 -4"><span class='ocrx_word' id='word_1_136' title='bbox 178 2071 241 2106; x_wconf 81' lang='lat' dir='ltr'><strong>nov.</strong></span> <span class='ocrx_word' id='word_1_137' title='bbox 250 2064 278 2106; x_wconf 88' lang='lat' dir='ltr'><strong>et</strong></span> <span class='ocrx_word' id='word_1_138' title='bbox 288 2059 320 2106; x_wconf 82' lang='lat' dir='ltr'><strong>si.</strong></span> <span class='ocrx_word' id='word_1_139' title='bbox 332 2065 394 2106; x_wconf 86' lang='lat' dir='ltr'><strong>rett.</strong></span> <span class='ocrx_word' id='word_1_140' title='bbox 427 2057 493 2108; x_wconf 86' lang='lat' dir='ltr'><strong>Vide</strong></span> <span class='ocrx_word' id='word_1_141' title='bbox 506 2059 583 2109; x_wconf 88' lang='lat' dir='ltr'><strong>Nott.</strong></span> <span class='ocrx_word' id='word_1_142' title='bbox 592 2059 715 2108; x_wconf 74' lang='lat' dir='ltr'><strong>Vera-t</strong></span> <span class='ocrx_word' id='word_1_143' title='bbox 732 2057 775 2108; x_wconf 82' lang='lat' dir='ltr'><strong>lte</strong></span> <span class='ocrx_word' id='word_1_144' title='bbox 785 2058 860 2109; x_wconf 80' lang='lat' dir='ltr'><strong>codd.</strong></span> <span class='ocrx_word' id='word_1_145' title='bbox 872 2059 997 2110; x_wconf 82' lang='lat' dir='ltr'><strong>llerduiui</strong></span> <span class='ocrx_word' id='word_1_146' title='bbox 1007 2067 1035 2109; x_wconf 89' lang='lat' dir='ltr'><strong>et</strong></span> <span class='ocrx_word' id='word_1_147' title='bbox 1046 2060 1137 2110; x_wconf 78' lang='lat' dir='ltr'><strong>Deles.</strong></span> <span class='ocrx_word' id='word_1_148' title='bbox 1149 2072 1207 2109; x_wconf 84' lang='lat' dir='ltr'><strong>eum</strong></span> <span class='ocrx_word' id='word_1_149' title='bbox 1215 2058 1274 2108; x_wconf 89' lang='lat' dir='ltr'><strong>edd.</strong></span> 
     </span>
    </p>
   </div>
   <div class='ocr_carea' id='block_1_5' title="bbox 676 2218 783 2269">
    <p class='ocr_par' dir='ltr' id='par_1_5' title="bbox 676 2218 783 2269">
     <span class='ocr_line' id='line_1_18' title="bbox 676 2218 783 2269; baseline -0.009 0"><span class='ocrx_word' id='word_1_150' title='bbox 676 2218 783 2269; x_wconf 75' lang='lat' dir='ltr'>NOTAE</span> 
     </span>
    </p>
   </div>
   <div class='ocr_carea' id='block_1_6' title="bbox 176 2329 1279 4285">
    <p class='ocr_par' dir='ltr' id='par_1_6' title="bbox 176 2329 1275 2548">
     <span class='ocr_line' id='line_1_19' title="bbox 213 2329 1274 2398; baseline 0.005 -21"><span class='ocrx_word' id='word_1_151' title='bbox 213 2329 492 2392; x_wconf 74' lang='lat' dir='ltr'><strong>rPrimrm]Prinas</strong></span> <span class='ocrx_word' id='word_1_152' title='bbox 503 2331 709 2396; x_wconf 69' lang='lat' dir='ltr'><strong>Auguetrsebar·</strong></span> <span class='ocrx_word' id='word_1_153' title='bbox 749 2333 813 2397; x_wconf 80' lang='lat' dir='ltr'><strong>lyris</strong></span> <span class='ocrx_word' id='word_1_154' title='bbox 847 2332 958 2398; x_wconf 83' lang='lat' dir='ltr'><strong>(eorirrm</strong></span> <span class='ocrx_word' id='word_1_155' title='bbox 992 2334 1152 2396; x_wconf 69' lang='grc' dir='ltr'><strong>μεταφορικῶς</strong></span> <span class='ocrx_word' id='word_1_156' title='bbox 1184 2331 1274 2397; x_wconf 81' lang='lat' dir='ltr'><strong>ruent)</strong></span> 
     </span>
     <span class='ocr_line' id='line_1_20' title="bbox 176 2405 1274 2473; baseline 0.001 -17"><span class='ocrx_word' id='word_1_157' title='bbox 176 2412 217 2456; x_wconf 77' lang='lat' dir='ltr'><strong>&#39;ta</strong></span> <span class='ocrx_word' id='word_1_158' title='bbox 229 2405 338 2456; x_wconf 86' lang='lat' dir='ltr'><strong>ademit:</strong></span> <span class='ocrx_word' id='word_1_159' title='bbox 356 2405 429 2457; x_wconf 89' lang='lat' dir='ltr'><strong>dedit</strong></span> <span class='ocrx_word' id='word_1_160' title='bbox 440 2406 555 2457; x_wconf 78' lang='lat' dir='ltr'><strong>Claudiae</strong></span> <span class='ocrx_word' id='word_1_161' title='bbox 572 2423 587 2456; x_wconf 85' lang='lat' dir='ltr'><strong>a</strong></span> <span class='ocrx_word' id='word_1_162' title='bbox 604 2423 632 2458; x_wconf 86' lang='lat' dir='ltr'><strong>se</strong></span> <span class='ocrx_word' id='word_1_163' title='bbox 650 2423 711 2473; x_wconf 69' lang='grc' dir='ltr'><strong>σος·</strong></span> <span class='ocrx_word' id='word_1_164' title='bbox 747 2409 846 2459; x_wconf 76' lang='lat' dir='ltr'><strong>charta</strong></span> <span class='ocrx_word' id='word_1_165' title='bbox 865 2409 904 2460; x_wconf 86' lang='lat' dir='ltr'><strong>sui</strong></span> <span class='ocrx_word' id='word_1_166' title='bbox 922 2409 1030 2458; x_wconf 85' lang='lat' dir='ltr'><strong>nominis</strong></span> <span class='ocrx_word' id='word_1_167' title='bbox 1042 2407 1097 2458; x_wconf 82' lang='lat' dir='ltr'><strong>deri</strong></span> <span class='ocrx_word' id='word_1_168' title='bbox 1108 2416 1217 2472; x_wconf 78' lang='lat' dir='ltr'><strong>stamen,</strong></span> <span class='ocrx_word' id='word_1_169' title='bbox 1228 2422 1274 2457; x_wconf 84' lang='lat' dir='ltr'><strong>ren</strong></span> 
     </span>
     <span class='ocr_line' id='line_1_21' title="bbox 181 2483 1275 2548; baseline 0.001 -17"><span class='ocrx_word' id='word_1_170' title='bbox 181 2483 331 2532; x_wconf 74' lang='lat' dir='ltr'><strong>nominate·</strong></span> <span class='ocrx_word' id='word_1_171' title='bbox 748 2491 887 2541; x_wconf 82' lang='lat' dir='ltr'><strong>statumen,</strong></span> <span class='ocrx_word' id='word_1_172' title='bbox 914 2486 1055 2548; x_wconf 73' lang='lat' dir='ltr'><strong>precepit:</strong></span> <span class='ocrx_word' id='word_1_173' title='bbox 1081 2499 1114 2534; x_wconf 84' lang='lat' dir='ltr'><strong>ex</strong></span> <span class='ocrx_word' id='word_1_174' title='bbox 1145 2483 1275 2543; x_wconf 81' lang='lat' dir='ltr'><strong>secundis,</strong></span> 
     </span>
    </p>

    <p class='ocr_par' dir='ltr' id='par_1_7' title="bbox 180 2557 1276 3228">
     <span class='ocr_line' id='line_1_22' title="bbox 215 2557 1275 2623; baseline 0.003 -17"><span class='ocrx_word' id='word_1_175' title='bbox 215 2558 285 2606; x_wconf 61' lang='lat' dir='ltr'><strong>*Ex</strong></span> <span class='ocrx_word' id='word_1_176' title='bbox 302 2557 403 2621; x_wconf 70' lang='lat' dir='ltr'><strong>metr]</strong></span> <span class='ocrx_word' id='word_1_177' title='bbox 419 2558 599 2623; x_wconf 71' lang='lat' dir='ltr'><strong>subintellige,</strong></span> <span class='ocrx_word' id='word_1_178' title='bbox 617 2558 709 2609; x_wconf 87' lang='lat' dir='ltr'><strong>literis.</strong></span> <span class='ocrx_word' id='word_1_179' title='bbox 748 2560 892 2611; x_wconf 82' lang='lat' dir='ltr'><strong>subtemen.</strong></span> <span class='ocrx_word' id='word_1_180' title='bbox 930 2561 1028 2610; x_wconf 76' lang='lat' dir='ltr'><strong>Locum</strong></span> <span class='ocrx_word' id='word_1_181' title='bbox 1048 2561 1116 2611; x_wconf 83' lang='lat' dir='ltr'><strong>nune</strong></span> <span class='ocrx_word' id='word_1_182' title='bbox 1139 2575 1190 2610; x_wconf 81' lang='lat' dir='ltr'><strong>uua</strong></span> <span class='ocrx_word' id='word_1_183' title='bbox 1211 2561 1275 2609; x_wconf 81' lang='lat' dir='ltr'><strong>Mea.</strong></span> 
     </span>
     <span class='ocr_line' id='line_1_23' title="bbox 180 2631 1274 2700; baseline 0.002 -16"><span class='ocrx_word' id='word_1_184' title='bbox 180 2631 226 2684; x_wconf 88' lang='lat' dir='ltr'><strong>lta</strong></span> <span class='ocrx_word' id='word_1_185' title='bbox 237 2633 299 2684; x_wconf 82' lang='lat' dir='ltr'><strong>Mer.</strong></span> <span class='ocrx_word' id='word_1_186' title='bbox 311 2645 407 2696; x_wconf 86' lang='lat' dir='ltr'><strong>omnes,</strong></span> <span class='ocrx_word' id='word_1_187' title='bbox 419 2648 469 2683; x_wconf 90' lang='lat' dir='ltr'><strong>nou</strong></span> <span class='ocrx_word' id='word_1_188' title='bbox 479 2636 593 2685; x_wconf 69' lang='lat' dir='ltr'><strong>adamate.</strong></span> <span class='ocrx_word' id='word_1_189' title='bbox 612 2633 710 2684; x_wconf 80' lang='lat' dir='ltr'><strong>Aversa</strong></span> <span class='ocrx_word' id='word_1_190' title='bbox 748 2638 866 2687; x_wconf 83' lang='lat' dir='ltr'><strong>codicum</strong></span> <span class='ocrx_word' id='word_1_191' title='bbox 876 2650 926 2700; x_wconf 87' lang='lat' dir='ltr'><strong>ope</strong></span> <span class='ocrx_word' id='word_1_192' title='bbox 937 2637 1095 2687; x_wconf 78' lang='lat' dir='ltr'><strong>sanavimus:</strong></span> <span class='ocrx_word' id='word_1_193' title='bbox 1109 2637 1199 2700; x_wconf 84' lang='lat' dir='ltr'><strong>quibos</strong></span> <span class='ocrx_word' id='word_1_194' title='bbox 1211 2637 1274 2686; x_wconf 83' lang='lat' dir='ltr'><strong>Sea·</strong></span> 
     </span>
     <span class='ocr_line' id='line_1_24' title="bbox 182 2707 1275 2776; baseline 0.004 -20"><span class='ocrx_word' id='word_1_195' title='bbox 182 2707 259 2758; x_wconf 84' lang='lat' dir='ltr'><strong>litera</strong></span> <span class='ocrx_word' id='word_1_196' title='bbox 275 2715 324 2764; x_wconf 83' lang='lat' dir='ltr'><strong>est,</strong></span> <span class='ocrx_word' id='word_1_197' title='bbox 337 2723 395 2772; x_wconf 86' lang='lat' dir='ltr'><strong>ane</strong></span> <span class='ocrx_word' id='word_1_198' title='bbox 414 2725 429 2758; x_wconf 85' lang='grc' dir='ltr'>ι</span> <span class='ocrx_word' id='word_1_199' title='bbox 446 2717 520 2774; x_wconf 75' lang='lat' dir='ltr'><strong>tergo</strong></span> <span class='ocrx_word' id='word_1_200' title='bbox 540 2711 638 2774; x_wconf 82' lang='lat' dir='ltr'><strong>scripte</strong></span> <span class='ocrx_word' id='word_1_201' title='bbox 655 2719 709 2760; x_wconf 81' lang='lat' dir='ltr'><strong>eet:</strong></span> <span class='ocrx_word' id='word_1_202' title='bbox 747 2711 832 2775; x_wconf 71' lang='lat' dir='ltr'><strong>ligeri,</strong></span> <span class='ocrx_word' id='word_1_203' title='bbox 850 2712 1022 2772; x_wconf 84' lang='lat' dir='ltr'><strong>Gniliendini,</strong></span> <span class='ocrx_word' id='word_1_204' title='bbox 1039 2712 1275 2776; x_wconf 82' lang='lat' dir='ltr'><strong>aliorumque-eon·</strong></span> 
     </span>
     <span class='ocr_line' id='line_1_25' title="bbox 183 2783 1052 2852; baseline 0.005 -18"><span class='ocrx_word' id='word_1_205' title='bbox 183 2783 321 2834; x_wconf 70' lang='lat' dir='ltr'><strong>sisebuto</strong></span> <span class='ocrx_word' id='word_1_206' title='bbox 341 2800 432 2845; x_wconf 67' lang='lat' dir='ltr'><strong>namn,</strong></span> <span class='ocrx_word' id='word_1_207' title='bbox 455 2783 640 2848; x_wconf 65' lang='grc' dir='ltr'><strong>ὀπισθότριφοε.</strong></span> <span class='ocrx_word' id='word_1_208' title='bbox 679 2786 710 2837; x_wconf 91' lang='lat' dir='ltr'><strong>lo</strong></span> <span class='ocrx_word' id='word_1_209' title='bbox 743 2790 855 2852; x_wconf 75' lang='lat' dir='ltr'><strong>jectum</strong></span> <span class='ocrx_word' id='word_1_210' title='bbox 868 2803 969 2852; x_wconf 80' lang='lat' dir='ltr'><strong>pessum</strong></span> <span class='ocrx_word' id='word_1_211' title='bbox 981 2797 1052 2840; x_wconf 85' lang='lat' dir='ltr'><strong>euut.</strong></span> 
     </span>
     <span class='ocr_line' id='line_1_26' title="bbox 182 2859 1275 2927; baseline 0.004 -19"><span class='ocrx_word' id='word_1_212' title='bbox 182 2859 341 2910; x_wconf 80' lang='lat' dir='ltr'><strong>translucida</strong></span> <span class='ocrx_word' id='word_1_213' title='bbox 355 2859 446 2911; x_wconf 83' lang='lat' dir='ltr'><strong>charta</strong></span> <span class='ocrx_word' id='word_1_214' title='bbox 462 2869 556 2924; x_wconf 81' lang='lat' dir='ltr'><strong>metue,</strong></span> <span class='ocrx_word' id='word_1_215' title='bbox 571 2861 665 2927; x_wconf 87' lang='lat' dir='ltr'><strong>iuquit,</strong></span> <span class='ocrx_word' id='word_1_216' title='bbox 680 2860 711 2910; x_wconf 90' lang='lat' dir='ltr'><strong>li·</strong></span> <span class='ocrx_word' id='word_1_217' title='bbox 780 2873 789 2896; x_wconf 85' lang='lat'><strong>¹</strong></span> <span class='ocrx_word' id='word_1_218' title='bbox 806 2863 966 2926; x_wconf 81' lang='lat' dir='ltr'><strong>Macrorotlir]</strong></span> <span class='ocrx_word' id='word_1_219' title='bbox 984 2863 1026 2912; x_wconf 84' lang='lat' dir='ltr'><strong>lta</strong></span> <span class='ocrx_word' id='word_1_220' title='bbox 1042 2863 1106 2912; x_wconf 81' lang='lat' dir='ltr'><strong>Mas.</strong></span> <span class='ocrx_word' id='word_1_221' title='bbox 1121 2863 1185 2926; x_wconf 75' lang='lat' dir='ltr'><strong>lisg.</strong></span> <span class='ocrx_word' id='word_1_222' title='bbox 1202 2862 1275 2912; x_wconf 87' lang='lat' dir='ltr'><strong>Colb.</strong></span> 
     </span>
     <span class='ocr_line' id='line_1_27' title="bbox 183 2935 1276 3001; baseline 0.001 -16"><span class='ocrx_word' id='word_1_223' title='bbox 183 2943 249 2986; x_wconf 80' lang='lat' dir='ltr'><strong>tores</strong></span> <span class='ocrx_word' id='word_1_224' title='bbox 261 2935 311 2985; x_wconf 81' lang='lat' dir='ltr'><strong>fnit</strong></span> <span class='ocrx_word' id='word_1_225' title='bbox 322 2951 355 2986; x_wconf 84' lang='lat' dir='ltr'><strong>err</strong></span> <span class='ocrx_word' id='word_1_226' title='bbox 366 2951 457 2986; x_wconf 79' lang='lat' dir='ltr'><strong>aversa</strong></span> <span class='ocrx_word' id='word_1_227' title='bbox 468 2936 607 3000; x_wconf 82' lang='lat' dir='ltr'><strong>scriptura.</strong></span> <span class='ocrx_word' id='word_1_228' title='bbox 638 2937 710 2986; x_wconf 85' lang='lat' dir='ltr'><strong>Litu-</strong></span> <span class='ocrx_word' id='word_1_229' title='bbox 748 2941 799 2988; x_wconf 74' lang='lat' dir='ltr'><strong>&amp;a</strong></span> <span class='ocrx_word' id='word_1_230' title='bbox 808 2953 859 2988; x_wconf 90' lang='lat' dir='ltr'><strong>non</strong></span> <span class='ocrx_word' id='word_1_231' title='bbox 869 2939 1018 2988; x_wconf 69' lang='lat' dir='ltr'><strong>malie.-</strong></span> <span class='ocrx_word' id='word_1_232' title='bbox 1029 2937 1076 2988; x_wconf 88' lang='lat' dir='ltr'><strong>hoo</strong></span> <span class='ocrx_word' id='word_1_233' title='bbox 1085 2944 1134 2995; x_wconf 82' lang='lat' dir='ltr'><strong>est,</strong></span> <span class='ocrx_word' id='word_1_234' title='bbox 1144 2936 1276 3001; x_wconf 71' lang='grc' dir='ltr'><strong><em>μακροκόλ·</em></strong></span> 
     </span>
     <span class='ocr_line' id='line_1_28' title="bbox 184 3012 1276 3078; baseline -0.003 -14"><span class='ocrx_word' id='word_1_235' title='bbox 184 3028 238 3064; x_wconf 80' lang='lat' dir='ltr'><strong>reor</strong></span> <span class='ocrx_word' id='word_1_236' title='bbox 255 3014 383 3076; x_wconf 75' lang='lat' dir='ltr'><strong>intellige,</strong></span> <span class='ocrx_word' id='word_1_237' title='bbox 406 3015 532 3064; x_wconf 81' lang='lat' dir='ltr'><strong>maculem</strong></span> <span class='ocrx_word' id='word_1_238' title='bbox 549 3029 607 3078; x_wconf 73' lang='lat' dir='ltr'><strong>qne</strong></span> <span class='ocrx_word' id='word_1_239' title='bbox 624 3012 711 3063; x_wconf 79' lang='lat' dir='ltr'><strong>fundi·</strong></span> <span class='ocrx_word' id='word_1_240' title='bbox 748 3021 808 3074; x_wconf 70' lang='lat' dir='ltr'><strong>aare,</strong></span> <span class='ocrx_word' id='word_1_241' title='bbox 826 3029 877 3064; x_wconf 90' lang='lat' dir='ltr'><strong>non</strong></span> <span class='ocrx_word' id='word_1_242' title='bbox 894 3013 1062 3078; x_wconf 55' lang='lat' dir='ltr'><strong>pauperemur.</strong></span> <span class='ocrx_word' id='word_1_243' title='bbox 1095 3013 1199 3062; x_wconf 77' lang='lat' dir='ltr'><strong>Clrartse</strong></span> <span class='ocrx_word' id='word_1_244' title='bbox 1216 3012 1276 3062; x_wconf 91' lang='lat' dir='ltr'><strong>olirn</strong></span> 
     </span>
     <span class='ocr_line' id='line_1_29' title="bbox 183 3088 1276 3154; baseline -0.002 -14"><span class='ocrx_word' id='word_1_245' title='bbox 183 3098 229 3140; x_wconf 90' lang='lat' dir='ltr'><strong>tnr</strong></span> <span class='ocrx_word' id='word_1_246' title='bbox 244 3103 277 3138; x_wconf 85' lang='lat' dir='ltr'><strong>ax</strong></span> <span class='ocrx_word' id='word_1_247' title='bbox 296 3097 443 3139; x_wconf 81' lang='lat' dir='ltr'><strong>atramento</strong></span> <span class='ocrx_word' id='word_1_248' title='bbox 459 3089 485 3138; x_wconf 87' lang='lat' dir='ltr'><strong>iu</strong></span> <span class='ocrx_word' id='word_1_249' title='bbox 504 3089 619 3139; x_wconf 80' lang='lat' dir='ltr'><strong>chartam</strong></span> <span class='ocrx_word' id='word_1_250' title='bbox 636 3088 710 3139; x_wconf 93' lang='lat' dir='ltr'><strong>bibn·</strong></span> <span class='ocrx_word' id='word_1_251' title='bbox 750 3088 818 3138; x_wconf 86' lang='lat' dir='ltr'><strong>iuter</strong></span> <span class='ocrx_word' id='word_1_252' title='bbox 828 3103 856 3138; x_wconf 87' lang='lat' dir='ltr'><strong>se</strong></span> <span class='ocrx_word' id='word_1_253' title='bbox 863 3090 1049 3154; x_wconf 75' lang='lat' dir='ltr'><strong>jungebantur,</strong></span> <span class='ocrx_word' id='word_1_254' title='bbox 1061 3093 1088 3138; x_wconf 91' lang='lat' dir='ltr'><strong>et</strong></span> <span class='ocrx_word' id='word_1_255' title='bbox 1098 3088 1197 3151; x_wconf 72' lang='lat' dir='ltr'><strong>glrrtino</strong></span> <span class='ocrx_word' id='word_1_256' title='bbox 1207 3101 1276 3138; x_wconf 85' lang='lat' dir='ltr'><strong>oom-</strong></span> 
     </span>
     <span class='ocr_line' id='line_1_30' title="bbox 185 3163 1276 3228; baseline 0 -14"><span class='ocrx_word' id='word_1_257' title='bbox 185 3167 246 3215; x_wconf 83' lang='lat' dir='ltr'><strong>lern.</strong></span> <span class='ocrx_word' id='word_1_258' title='bbox 749 3164 931 3228; x_wconf 72' lang='lat' dir='ltr'><strong>pingebantur.</strong></span> <span class='ocrx_word' id='word_1_259' title='bbox 963 3165 1066 3228; x_wconf 84' lang='lat' dir='ltr'><strong>Majore</strong></span> <span class='ocrx_word' id='word_1_260' title='bbox 1086 3163 1276 3224; x_wconf 78' lang='lat' dir='ltr'><strong>modulorum·</strong></span> 
     </span>
    </p>

    <p class='ocr_par' dir='ltr' id='par_1_8' title="bbox 180 3237 1279 4285">
     <span class='ocr_line' id='line_1_31' title="bbox 216 3237 1276 3304; baseline 0.002 -16"><span class='ocrx_word' id='word_1_261' title='bbox 216 3237 330 3303; x_wconf 51' lang='grc' dir='ltr'><strong>Παίων]</strong></span> <span class='ocrx_word' id='word_1_262' title='bbox 346 3239 433 3304; x_wconf 73' lang='lat' dir='ltr'><strong>Igitur</strong></span> <span class='ocrx_word' id='word_1_263' title='bbox 444 3239 498 3303; x_wconf 81' lang='lat' dir='ltr'><strong>jam</strong></span> <span class='ocrx_word' id='word_1_264' title='bbox 510 3254 559 3290; x_wconf 89' lang='lat' dir='ltr'><strong>uon</strong></span> <span class='ocrx_word' id='word_1_265' title='bbox 572 3255 605 3290; x_wconf 86' lang='lat' dir='ltr'><strong>ex</strong></span> <span class='ocrx_word' id='word_1_266' title='bbox 617 3241 712 3292; x_wconf 86' lang='lat' dir='ltr'><strong>tenuis·</strong></span> <span class='ocrx_word' id='word_1_267' title='bbox 751 3240 896 3302; x_wconf 75' lang='lat' dir='ltr'><strong>paginatam</strong></span> <span class='ocrx_word' id='word_1_268' title='bbox 916 3240 1031 3290; x_wconf 77' lang='lat' dir='ltr'><strong>obortam</strong></span> <span class='ocrx_word' id='word_1_269' title='bbox 1049 3238 1215 3303; x_wconf 62' lang='lat' dir='ltr'><strong>nomena</strong></span> <span class='ocrx_word' id='word_1_270' title='bbox 1232 3255 1276 3290; x_wconf 87' lang='lat' dir='ltr'><strong>ru·</strong></span> 
     </span>
     <span class='ocr_line' id='line_1_32' title="bbox 184 3313 1276 3381; baseline -0.004 -15"><span class='ocrx_word' id='word_1_271' title='bbox 184 3317 254 3366; x_wconf 83' lang='lat' dir='ltr'><strong>rimis</strong></span> <span class='ocrx_word' id='word_1_272' title='bbox 266 3317 353 3380; x_wconf 84' lang='lat' dir='ltr'><strong>primis</strong></span> <span class='ocrx_word' id='word_1_273' title='bbox 365 3316 481 3380; x_wconf 77' lang='lat' dir='ltr'><strong>plrilyris,</strong></span> <span class='ocrx_word' id='word_1_274' title='bbox 494 3316 585 3381; x_wconf 84' lang='lat' dir='ltr'><strong>quibus</strong></span> <span class='ocrx_word' id='word_1_275' title='bbox 596 3315 714 3378; x_wconf 73' lang='lat' dir='ltr'><strong>Angusto</strong></span> <span class='ocrx_word' id='word_1_276' title='bbox 751 3313 852 3363; x_wconf 82' lang='lat' dir='ltr'><strong>cebant.</strong></span> <span class='ocrx_word' id='word_1_277' title='bbox 888 3313 1063 3364; x_wconf 78' lang='lat' dir='ltr'><strong>lle‘elrurte</strong></span> <span class='ocrx_word' id='word_1_278' title='bbox 1073 3313 1276 3377; x_wconf 82' lang='lat' dir='ltr'><strong>mojores&#39;npud</strong></span> 
     </span>
     <span class='ocr_line' id='line_1_33' title="bbox 184 3383 1278 3456; baseline 0 -16"><span class='ocrx_word' id='word_1_279' title='bbox 184 3397 241 3441; x_wconf 87' lang='lat' dir='ltr'><strong>tota</strong></span> <span class='ocrx_word' id='word_1_280' title='bbox 251 3391 397 3454; x_wconf 70' lang='lat' dir='ltr'><strong>constabat,</strong></span> <span class='ocrx_word' id='word_1_281' title='bbox 406 3391 452 3441; x_wconf 87' lang='lat' dir='ltr'><strong>sed</strong></span> <span class='ocrx_word' id='word_1_282' title='bbox 463 3394 557 3456; x_wconf 80' lang='lat' dir='ltr'><strong>partim</strong></span> <span class='ocrx_word' id='word_1_283' title='bbox 570 3391 713 3455; x_wconf 73' lang='lat' dir='ltr'><strong>exprimis,</strong></span> <span class='ocrx_word' id='word_1_284' title='bbox 749 3390 856 3440; x_wconf 82' lang='lat' dir='ltr'><strong>Srretoo.</strong></span> <span class='ocrx_word' id='word_1_285' title='bbox 875 3390 901 3438; x_wconf 93' lang='lat' dir='ltr'><strong>in</strong></span> <span class='ocrx_word' id='word_1_286' title='bbox 920 3390 1046 3453; x_wconf 76' lang='lat' dir='ltr'><strong>Angusto.</strong></span> <span class='ocrx_word' id='word_1_287' title='bbox 1071 3383 1115 3439; x_wconf 74' lang='lat' dir='ltr'><strong>&#39;Et</strong></span> <span class='ocrx_word' id='word_1_288' title='bbox 1126 3389 1195 3455; x_wconf 85' lang='lat' dir='ltr'><strong>apud</strong></span> <span class='ocrx_word' id='word_1_289' title='bbox 1206 3391 1278 3440; x_wconf 81' lang='lat' dir='ltr'><strong>Mar·</strong></span> 
     </span>
     <span class='ocr_line' id='line_1_34' title="bbox 180 3464 1278 3532; baseline 0.001 -16"><span class='ocrx_word' id='word_1_290' title='bbox 180 3467 279 3532; x_wconf 55' lang='lat' dir='ltr'><strong>,pertirn</strong></span> <span class='ocrx_word' id='word_1_291' title='bbox 292 3482 324 3516; x_wconf 86' lang='lat' dir='ltr'><strong>err</strong></span> <span class='ocrx_word' id='word_1_292' title='bbox 336 3467 457 3516; x_wconf 83' lang='lat' dir='ltr'><strong>secundis</strong></span> <span class='ocrx_word' id='word_1_293' title='bbox 468 3467 583 3516; x_wconf 81' lang='lat' dir='ltr'><strong>chartam</strong></span> <span class='ocrx_word' id='word_1_294' title='bbox 596 3464 714 3516; x_wconf 78' lang='lat' dir='ltr'><strong>laudatus</strong></span> <span class='ocrx_word' id='word_1_295' title='bbox 752 3464 806 3516; x_wconf 78' lang='lat' dir='ltr'><strong>titi.</strong></span> <span class='ocrx_word' id='word_1_296' title='bbox 814 3478 833 3514; x_wconf 85' lang='lat' dir='ltr'><strong>r.</strong></span> <span class='ocrx_word' id='word_1_297' title='bbox 841 3468 883 3513; x_wconf 77' lang='lat' dir='ltr'><strong>tt.</strong></span> <span class='ocrx_word' id='word_1_298' title='bbox 896 3465 905 3492; x_wconf 75' lang='lat'><strong><em>⁴</em></strong></span> <span class='ocrx_word' id='word_1_299' title='bbox 916 3465 998 3528; x_wconf 85' lang='lat' dir='ltr'><strong>major</strong></span> <span class='ocrx_word' id='word_1_300' title='bbox 1009 3466 1108 3528; x_wconf 72' lang='lat' dir='ltr'><strong>eirene,</strong></span> <span class='ocrx_word' id='word_1_301' title='bbox 1118 3465 1252 3532; x_wconf 85' lang='lat' dir='ltr'><strong>minorque</strong></span> <span class='ocrx_word' id='word_1_302' title='bbox 1260 3467 1278 3516; x_wconf 86' lang='lat'><strong>:&#39;</strong></span> 
     </span>
     <span class='ocr_line' id='line_1_35' title="bbox 185 3538 1277 3607; baseline 0 -16"><span class='ocrx_word' id='word_1_303' title='bbox 185 3545 303 3607; x_wconf 84' lang='lat' dir='ltr'><strong>proxime</strong></span> <span class='ocrx_word' id='word_1_304' title='bbox 325 3543 471 3606; x_wconf 71' lang='lat' dir='ltr'><strong>Imperator</strong></span> <span class='ocrx_word' id='word_1_305' title='bbox 492 3543 593 3594; x_wconf 81' lang='lat' dir='ltr'><strong>curerit</strong></span> <span class='ocrx_word' id='word_1_306' title='bbox 614 3540 714 3604; x_wconf 81' lang='lat' dir='ltr'><strong>confici,</strong></span> <span class='ocrx_word' id='word_1_307' title='bbox 751 3539 818 3604; x_wconf 87' lang='lat' dir='ltr'><strong>quod</strong></span> <span class='ocrx_word' id='word_1_308' title='bbox 830 3538 995 3602; x_wconf 73' lang='lat' dir='ltr'><strong>frigitonmes</strong></span> <span class='ocrx_word' id='word_1_309' title='bbox 1007 3539 1092 3590; x_wconf 86' lang='lat' dir='ltr'><strong>adlruo</strong></span> <span class='ocrx_word' id='word_1_310' title='bbox 1110 3540 1277 3605; x_wconf 85' lang='lat' dir='ltr'><strong>interpretes.</strong></span> 
     </span>
     <span class='ocr_line' id='line_1_36' title="bbox 186 3617 1278 3685; baseline 0 -17"><span class='ocrx_word' id='word_1_311' title='bbox 186 3621 228 3669; x_wconf 89' lang='lat' dir='ltr'><strong>oui</strong></span> <span class='ocrx_word' id='word_1_312' title='bbox 249 3620 385 3682; x_wconf 75' lang='lat' dir='ltr'><strong>primatum</strong></span> <span class='ocrx_word' id='word_1_313' title='bbox 406 3620 551 3684; x_wconf 76' lang='lat' dir='ltr'><strong>arrogavit:</strong></span> <span class='ocrx_word' id='word_1_314' title='bbox 569 3626 715 3669; x_wconf 84' lang='lat' dir='ltr'><strong>enmeutea</strong></span> <span class='ocrx_word' id='word_1_315' title='bbox 750 3675 751 3681; x_wconf 15' lang='lat'>¹</span> <span class='ocrx_word' id='word_1_316' title='bbox 782 3619 889 3668; x_wconf 71' lang='lat' dir='ltr'><strong>‘Unius</strong></span> <span class='ocrx_word' id='word_1_317' title='bbox 904 3617 1005 3682; x_wconf 72' lang='lat' dir='ltr'><strong>rubedo]</strong></span> <span class='ocrx_word' id='word_1_318' title='bbox 1023 3621 1086 3670; x_wconf 85' lang='lat' dir='ltr'><strong>Cum</strong></span> <span class='ocrx_word' id='word_1_319' title='bbox 1106 3620 1210 3685; x_wconf 73' lang='lat' dir='ltr'><strong>plagula</strong></span> <span class='ocrx_word' id='word_1_320' title='bbox 1227 3635 1278 3670; x_wconf 86' lang='lat' dir='ltr'><strong>une</strong></span> 
     </span>
     <span class='ocr_line' id='line_1_37' title="bbox 186 3690 1279 3760; baseline 0 -16"><span class='ocrx_word' id='word_1_321' title='bbox 186 3696 313 3756; x_wconf 73' lang='lat' dir='ltr'><strong>Augustas</strong></span> <span class='ocrx_word' id='word_1_322' title='bbox 333 3696 428 3744; x_wconf 73' lang='lat' dir='ltr'><strong>charte</strong></span> <span class='ocrx_word' id='word_1_323' title='bbox 447 3690 547 3746; x_wconf 79' lang='lat' dir='ltr'><strong>atarneo</strong></span> <span class='ocrx_word' id='word_1_324' title='bbox 567 3695 715 3744; x_wconf 83' lang='lat' dir='ltr'><strong>subtemen·</strong></span> <span class='ocrx_word' id='word_1_325' title='bbox 752 3695 852 3758; x_wconf 75' lang='lat' dir='ltr'><strong>longior</strong></span> <span class='ocrx_word' id='word_1_326' title='bbox 862 3695 1024 3746; x_wconf 77' lang='lat' dir='ltr'><strong>eximebatur</strong></span> <span class='ocrx_word' id='word_1_327' title='bbox 1035 3709 1051 3744; x_wconf 92' lang='lat' dir='ltr'><strong>a</strong></span> <span class='ocrx_word' id='word_1_328' title='bbox 1062 3697 1144 3760; x_wconf 91' lang='lat' dir='ltr'><strong>prelo,</strong></span> <span class='ocrx_word' id='word_1_329' title='bbox 1157 3705 1183 3744; x_wconf 87' lang='lat' dir='ltr'><strong>ut</strong></span> <span class='ocrx_word' id='word_1_330' title='bbox 1197 3696 1279 3746; x_wconf 79' lang='lat' dir='ltr'><strong>eicon·</strong></span> 
     </span>
     <span class='ocr_line' id='line_1_38' title="bbox 187 3768 1277 3834; baseline 0.002 -15"><span class='ocrx_word' id='word_1_331' title='bbox 187 3783 238 3834; x_wconf 90' lang='lat' dir='ltr'><strong>que</strong></span> <span class='ocrx_word' id='word_1_332' title='bbox 250 3768 326 3818; x_wconf 85' lang='lat' dir='ltr'><strong>tieret</strong></span> <span class='ocrx_word' id='word_1_333' title='bbox 337 3782 370 3817; x_wconf 86' lang='lat' dir='ltr'><strong>ex</strong></span> <span class='ocrx_word' id='word_1_334' title='bbox 381 3770 483 3832; x_wconf 79' lang='lat' dir='ltr'><strong>iisdem,</strong></span> <span class='ocrx_word' id='word_1_335' title='bbox 499 3770 547 3819; x_wconf 84' lang='lat' dir='ltr'><strong>hoe</strong></span> <span class='ocrx_word' id='word_1_336' title='bbox 559 3777 609 3832; x_wconf 85' lang='lat' dir='ltr'><strong>est,</strong></span> <span class='ocrx_word' id='word_1_337' title='bbox 626 3771 714 3834; x_wconf 87' lang='lat' dir='ltr'><strong>primis</strong></span> <span class='ocrx_word' id='word_1_338' title='bbox 752 3777 823 3820; x_wconf 90' lang='lat' dir='ltr'><strong>retur</strong></span> <span class='ocrx_word' id='word_1_339' title='bbox 839 3772 907 3828; x_wconf 84' lang='lat' dir='ltr'><strong>Sole,</strong></span> <span class='ocrx_word' id='word_1_340' title='bbox 924 3773 1035 3826; x_wconf 79' lang='lat' dir='ltr'><strong>abstrahi</strong></span> <span class='ocrx_word' id='word_1_341' title='bbox 1053 3773 1079 3821; x_wconf 87' lang='lat' dir='ltr'><strong>iu</strong></span> <span class='ocrx_word' id='word_1_342' title='bbox 1096 3779 1179 3822; x_wconf 87' lang='lat' dir='ltr'><strong>toturn</strong></span> <span class='ocrx_word' id='word_1_343' title='bbox 1190 3786 1221 3821; x_wconf 82' lang='lat' dir='ltr'><strong>se</strong></span> <span class='ocrx_word' id='word_1_344' title='bbox 1237 3772 1277 3821; x_wconf 78' lang='lat' dir='ltr'><strong>via</strong></span> 
     </span>
     <span class='ocr_line' id='line_1_39' title="bbox 187 3842 1279 3912; baseline 0.003 -19"><span class='ocrx_word' id='word_1_345' title='bbox 187 3843 308 3908; x_wconf 83' lang='lat' dir='ltr'><strong>plrilyris,</strong></span> <span class='ocrx_word' id='word_1_346' title='bbox 327 3849 405 3906; x_wconf 81' lang='lat' dir='ltr'><strong>etque</strong></span> <span class='ocrx_word' id='word_1_347' title='bbox 425 3842 488 3892; x_wconf 83' lang='lat' dir='ltr'><strong>adeo</strong></span> <span class='ocrx_word' id='word_1_348' title='bbox 508 3845 584 3893; x_wconf 81' lang='lat' dir='ltr'><strong>nimie</strong></span> <span class='ocrx_word' id='word_1_349' title='bbox 602 3845 659 3908; x_wconf 84' lang='lat' dir='ltr'><strong>ejus</strong></span> <span class='ocrx_word' id='word_1_350' title='bbox 677 3853 715 3894; x_wconf 89' lang='lat' dir='ltr'><strong>te·</strong></span> <span class='ocrx_word' id='word_1_351' title='bbox 753 3853 864 3910; x_wconf 82' lang='lat' dir='ltr'><strong>poteret,</strong></span> <span class='ocrx_word' id='word_1_352' title='bbox 886 3848 947 3912; x_wconf 89' lang='lat' dir='ltr'><strong>qnln</strong></span> <span class='ocrx_word' id='word_1_353' title='bbox 974 3847 1069 3898; x_wconf 83' lang='lat' dir='ltr'><strong>eobede</strong></span> <span class='ocrx_word' id='word_1_354' title='bbox 1090 3847 1175 3910; x_wconf 80' lang='lat' dir='ltr'><strong>eliqua</strong></span> <span class='ocrx_word' id='word_1_355' title='bbox 1198 3855 1279 3898; x_wconf 85' lang='lat' dir='ltr'><strong>tranr-</strong></span> 
     </span>
     <span class='ocr_line' id='line_1_40' title="bbox 187 3916 1279 3986; baseline 0.004 -16"><span class='ocrx_word' id='word_1_356' title='bbox 187 3919 273 3969; x_wconf 87' lang='lat' dir='ltr'><strong>nnitas</strong></span> <span class='ocrx_word' id='word_1_357' title='bbox 295 3916 380 3967; x_wconf 79' lang='lat' dir='ltr'><strong>foret:</strong></span> <span class='ocrx_word' id='word_1_358' title='bbox 407 3917 487 3966; x_wconf 72' lang='lat' dir='ltr'><strong>Livio</strong></span> <span class='ocrx_word' id='word_1_359' title='bbox 508 3925 607 3967; x_wconf 84' lang='lat' dir='ltr'><strong>stamen</strong></span> <span class='ocrx_word' id='word_1_360' title='bbox 630 3921 716 3970; x_wconf 85' lang='lat' dir='ltr'><strong>subte-</strong></span> <span class='ocrx_word' id='word_1_361' title='bbox 753 3936 827 3980; x_wconf 79' lang='lat' dir='ltr'><strong>verse</strong></span> <span class='ocrx_word' id='word_1_362' title='bbox 838 3938 883 3972; x_wconf 83' lang='lat' dir='ltr'><strong>reu</strong></span> <span class='ocrx_word' id='word_1_363' title='bbox 895 3923 1022 3986; x_wconf 75' lang='lat' dir='ltr'><strong>philyrae</strong></span> <span class='ocrx_word' id='word_1_364' title='bbox 1038 3937 1084 3971; x_wconf 85' lang='lat' dir='ltr'><strong>sua</strong></span> <span class='ocrx_word' id='word_1_365' title='bbox 1095 3924 1189 3986; x_wconf 76' lang='lat' dir='ltr'><strong>pagina</strong></span> <span class='ocrx_word' id='word_1_366' title='bbox 1200 3925 1279 3974; x_wconf 86' lang='lat' dir='ltr'><strong>divel-</strong></span> 
     </span>
     <span class='ocr_line' id='line_1_41' title="bbox 187 3993 1279 4065; baseline 0.005 -19"><span class='ocrx_word' id='word_1_367' title='bbox 187 4009 298 4058; x_wconf 81' lang='lat' dir='ltr'><strong>menque</strong></span> <span class='ocrx_word' id='word_1_368' title='bbox 310 3993 410 4057; x_wconf 80' lang='lat' dir='ltr'><strong>pariter</strong></span> <span class='ocrx_word' id='word_1_369' title='bbox 422 4008 436 4042; x_wconf 92' lang='lat' dir='ltr'><strong>e</strong></span> <span class='ocrx_word' id='word_1_370' title='bbox 448 3993 582 4043; x_wconf 81' lang='lat' dir='ltr'><strong>recondis:</strong></span> <span class='ocrx_word' id='word_1_371' title='bbox 593 3994 716 4044; x_wconf 83' lang='lat' dir='ltr'><strong>cierrdlus</strong></span> <span class='ocrx_word' id='word_1_372' title='bbox 748 3998 859 4058; x_wconf 80' lang='lat' dir='ltr'><strong>,leretnr,</strong></span> <span class='ocrx_word' id='word_1_373' title='bbox 868 3999 1045 4061; x_wconf 77' lang='lat' dir='ltr'><strong>subjectusque</strong></span> <span class='ocrx_word' id='word_1_374' title='bbox 1051 3999 1166 4061; x_wconf 76' lang='lat' dir='ltr'><strong>paginas,</strong></span> <span class='ocrx_word' id='word_1_375' title='bbox 1175 4004 1234 4065; x_wconf 87' lang='lat' dir='ltr'><strong>(nos</strong></span> <span class='ocrx_word' id='word_1_376' title='bbox 1242 4000 1279 4052; x_wconf 81' lang='lat' dir='ltr'><strong>fo·</strong></span> 
     </span>
     <span class='ocr_line' id='line_1_42' title="bbox 188 4068 1279 4142; baseline 0.007 -22"><span class='ocrx_word' id='word_1_377' title='bbox 188 4068 301 4120; x_wconf 85' lang='lat' dir='ltr'><strong>medinm</strong></span> <span class='ocrx_word' id='word_1_378' title='bbox 320 4083 353 4118; x_wconf 85' lang='lat' dir='ltr'><strong>ex</strong></span> <span class='ocrx_word' id='word_1_379' title='bbox 373 4076 481 4133; x_wconf 82' lang='lat' dir='ltr'><strong>utreque</strong></span> <span class='ocrx_word' id='word_1_380' title='bbox 493 4081 574 4130; x_wconf 70' lang='lat' dir='ltr'><strong>genus</strong></span> <span class='ocrx_word' id='word_1_381' title='bbox 586 4069 717 4131; x_wconf 71' lang='lat' dir='ltr'><strong>excogite-</strong></span> <span class='ocrx_word' id='word_1_382' title='bbox 755 4071 930 4136; x_wconf 82' lang='lat' dir='ltr'><strong>liedirimus,)</strong></span> <span class='ocrx_word' id='word_1_383' title='bbox 947 4073 976 4120; x_wconf 85' lang='lat' dir='ltr'><strong>iis</strong></span> <span class='ocrx_word' id='word_1_384' title='bbox 992 4071 1182 4142; x_wconf 73' lang='lat' dir='ltr'><strong>adhereeeeus,</strong></span> <span class='ocrx_word' id='word_1_385' title='bbox 1201 4078 1279 4128; x_wconf 77' lang='lat' dir='ltr'><strong>larde-</strong></span> 
     </span>
     <span class='ocr_line' id='line_1_43' title="bbox 189 4143 1166 4216; baseline 0.006 -21"><span class='ocrx_word' id='word_1_386' title='bbox 189 4145 237 4207; x_wconf 81' lang='lat' dir='ltr'><strong>sit,</strong></span> <span class='ocrx_word' id='word_1_387' title='bbox 263 4144 331 4209; x_wconf 82' lang='lat' dir='ltr'><strong>qnod</strong></span> <span class='ocrx_word' id='word_1_388' title='bbox 366 4145 476 4193; x_wconf 78' lang='lat' dir='ltr'><strong>calamos</strong></span> <span class='ocrx_word' id='word_1_389' title='bbox 513 4143 643 4205; x_wconf 80' lang='lat' dir='ltr'><strong>toleraret,</strong></span> <span class='ocrx_word' id='word_1_390' title='bbox 667 4159 716 4194; x_wconf 84' lang='lat' dir='ltr'><strong>neo</strong></span> <span class='ocrx_word' id='word_1_391' title='bbox 757 4153 807 4210; x_wconf 90' lang='lat' dir='ltr'><strong>ret,</strong></span> <span class='ocrx_word' id='word_1_392' title='bbox 819 4145 966 4206; x_wconf 76' lang='lat' dir='ltr'><strong>infestaret,</strong></span> <span class='ocrx_word' id='word_1_393' title='bbox 977 4159 1166 4216; x_wconf 84' lang='lat' dir='ltr'><strong>corrumperet.</strong></span> 
     </span>
     <span class='ocr_line' id='line_1_44' title="bbox 190 4219 715 4285; baseline -0.004 -13"><span class='ocrx_word' id='word_1_394' title='bbox 190 4220 378 4272; x_wconf 80' lang='lat' dir='ltr'><strong>transmitteret</strong></span> <span class='ocrx_word' id='word_1_395' title='bbox 390 4220 494 4270; x_wconf 79' lang='lat' dir='ltr'><strong>literar:</strong></span> <span class='ocrx_word' id='word_1_396' title='bbox 512 4219 643 4285; x_wconf 84' lang='lat' dir='ltr'><strong>exprimis</strong></span> <span class='ocrx_word' id='word_1_397' title='bbox 660 4221 715 4285; x_wconf 82' lang='lat' dir='ltr'><strong>ptri·</strong></span> 
     </span>
    </p>
   </div>
   <div class='ocr_carea' id='block_1_7' title="bbox 0 0 1567 4878">
    <p class='ocr_par' dir='ltr' id='par_1_9' title="bbox 0 0 1567 4878">
     <span class='ocr_line' id='line_1_45' title="bbox 0 0 1567 4878; baseline 0 0"><span class='ocrx_word' id='word_1_398' title='bbox 0 0 1567 4878; x_wconf 95' lang='lat' dir='ltr'><strong> </strong></span> 
     </span>
    </p>
   </div>
  </div>
 </body>
</html>
