3062 4896
474 366 682 416 sammon.
707 369 779 420 ara.
802 370 899 420 xvrr.
919 357 975 423 35.
1171 363 1257 429 274⁷

182 505 326 570 iodieudi
347 508 532 591 impendia:
558 516 672 594 utpote
686 529 760 576 cum
776 514 901 580 arbusti
914 514 998 580 ratio
1012 515 1075 580 hec
1096 521 1257 600 peculiari

182 605 258 671 dote
277 614 427 691 prestet,
453 609 542 693 qnod
563 613 596 676 in
622 612 739 678 eodem
763 615 838 678 solo
862 617 927 679 seri
947 615 1057 698 fruges
1080 625 1114 682 et
1134 622 1256 688 vitibus

179 707 322 789 prodest.
366 709 546 794 Superque,
562 713 651 795 quod
666 713 837 779 vindicans
851 735 886 779 se
907 715 1059 794 altitudo,
1079 738 1155 796 nou,
1170 728 1207 786 ut
1220 724 1255 788 in

178 804 297 885 vineat
309 809 353 872 ed
375 811 534 875 arcendas
559 813 748 878 animalium
773 814 908 898 injurius
931 816 1069 898 pariete,
1089 819 1142 883 rel
1162 841 1253 905 sepe,

176 908 230 972 vel
244 909 408 974 fossarum
425 913 535 994 utique
548 911 716 995 impendio
731 916 849 978 muniri
866 935 903 980 se
918 918 1017 1000 cogit.
1096 959 1101 972 ·

220 1007 260 1072 Iu
274 1010 433 1075 arbusto·
447 1032 468 1075 e
480 1012 650 1095 praediotis
665 1015 738 1080 sola
751 1016 964 1082 viviradicnm
977 1019 1075 1098 ratio,
1084 1022 1162 1086 item
1177 1044 1253 1107 pro·

175 1110 345 1194 papinum,
360 1117 394 1176 ot
407 1111 480 1176 baec
489 1114 627 1195 gemine,
642 1120 681 1179 ut
695 1116 850 1182 diximus.
878 1117 1080 1195 Quulorumh
1095 1123 1129 1186 in
1140 1124 1215 1208 ipso
1226 1126 1251 1182 ’ἓ

176 1211 489 1277 tabulato'muxime
503 1215 652 1296 probate,
668 1219 860 1300 quoniame
878 1237 995 1301 pecore
1012 1223 1175 1288 tutissima
1189 1230 1250 1290 est.
1328 1258 1332 1266 ,

174 1307 310 1388 Altera)
324 1311 459 1378 deflexa
481 1312 547 1378 vite
565 1315 618 1380 vel
641 1317 776 1397 palmite
793 1317 895 1400 juxte
908 1337 1002 1383 suum
1017 1323 1177 1400 arborem,
1194 1330 1251 1390 aut

174 1409 265 1474 circa
279 1413 466 1492 proximam
475 1421 501 1462 ¹⁹
516 1413 687 1479 coelibem.j
730 1415 830 1493 Quod
845 1437 946 1500 supra
960 1425 1078 1486 terrum
1091 1430 1250 1487 esterna·

172 1515 235 1586 tre,
249 1510 323 1574 rudi
332 1511 476 1594 jubetur,
490 1531 531 1577 ue
544 1513 688 1580 fruticet.
731 1515 771 1580 Iu
790 1523 874 1582 terra
887 1536 954 1582 oon
967 1523 1143 1601 pauciores
1161 1543 1246 1606 gem·

171 1627 236 1674 mre
257 1615 399 1693 quatuor
422 1615 603 1677 obruuntur
627 1613 670 1677 nd
691 1615 835 1680 redicem
857 1617 1070 1699 capiendam:
1096 1630 1192 1687 extra
1211 1624 1247 1687 in

171 1711 283 1792 capite
298 1712 385 1777 bium
398 1712 632 1794 relinquuntur.
676 1714 764 1779 Vitis
779 1719 813 1780 iu
826 1714 978 1781 arbustol
990 1728 1130 1802 quatuor
1144 1723 1246 1804 pedes

169 1808 204 1871 in
228 1809 358 1893 longo²⁰
380 1817 524 1890 constat,
544 1814 635 1876 omui
659 1812 754 1878 sulco
777 1820 842 1880 tres
864 1815 946 1894 leto,
970 1817 1037 1882 alto
1060 1818 1146 1884 duos
1169 1840 1247 1886 oum

617 2007 796 2030 eenmoun

166 2136 401 2197 manser«
416 2137 576 2189 neree-rs
592 2140 812 2206 cromerus
822 2137 969 2190 curm-rr
984 2114 1057 2190 1dem
1073 2141 1166 2206 odax,
1182 2143 1243 2194 em

649 2327 754 2379 NO'l'AE

196 2439 283 2498 'Nou
298 2447 325 2491 st
343 2443 369 2494 iu
383 2443 462 2506 mssa]
484 2444 519 2493 Iit
536 2443 562 2492 iu
578 2431 682 2494 arbnslo
721 2443 790 2508 qnod
811 2450 965 2494 rumentum
984 2445 1053 2508 prins
1070 2444 1242 2506 intorquetur.

163 2528 276 2580 quoque,
286 2516 336 2566 uisi
346 2518 371 2566 ln
382 2517 471 2567 eodem
483 2518 538 2568 solo
548 2525 611 2567 satre
621 2524 683 2568 suut
720 2518 763 2567 its
772 2525 865 2568 easeto
875 2517 952 2567 sonui
962 2517 1084 2581 temporis
1094 2519 1179 2580 spatio
1188 2533 1241 2566 aar·

162 2588 261 2654 fruges,
282 2590 335 2641 ‘ab
356 2592 449 2655 injuris
471 2593 571 2654 pecoris
596 2592 681 2642 cereis
719 2590 922 2655 mentum,quod
941 2591 1053 2639 eleusuru
1071 2598 1122 2651 est,
1140 2589 1240 2639 radicas

162 2665 287 2714 emuniri’
304 2667 378 2730 sites,
396 2673 472 2717 caute
483 2667 623 2717 Columlla
636 2666 681 2716 atl-
719 2666 817 2717 creabit
828 2667 895 2716 iutra
909 2664 1057 2728 predictam
1075 2665 1239 2715 eorbicolam.

162 2747 258 2801 monet,
269 2755 296 2789 v.
307 2745 331 2790 ⁶.
718 2741 792 2790 'l'unc
803 2740 850 2791 snb
861 2739 940 2790 fundo
955 2740 1041 2789 corbis
1052 2739 1159 2788 incisum
1171 2739 1239 2787 radi·
1339 2793 1349 2808 ‚

193 2813 253 2862 tls
269 2814 376 2878 obusto]
396 2815 473 2878 Vitis,
490 2815 581 2880 iuquit,
600 2815 626 2864 iu
641 2829 680 2864 ar·
719 2823 804 2865 esturu
825 2821 981 2865 sarmentum
1002 2828 1059 2864 cum
1081 2813 1138 2878 ipsa
1159 2812 1238 2862 corbe

160 2887 245 2952 busto,
265 2889 403 2940 viviradice
422 2898 521 2939 tautum
542 2896 568 2939 et
588 2903 680 2953 prope·
719 2890 866 2952 portabitur
887 2889 919 2938 ad
941 2890 1034 2950 locum,
1052 2901 1127 2951 quem
1145 2886 1238 2939 viribus

160 2963 342 3025 pinastritur:
360 2965 500 3028 propagine
517 2965 618 3029 quidem
635 2980 680 3028 ge·
717 2963 853 3014 arbustlsis
880 2962 1018 3012 destinabis
1045 2962 1159 3024 implere,
1188 2961 1237 3010 ibi·

159 3037 235 3092 mina‚
247 3051 321 3100 quam
332 3043 442 3088 seculi.
453 3038 629 3101 explicuimus.
717 3053 768 3103 que
783 3038 905 3088 obruetur
921 3037 990 3088 circa
1005 3034 1103 3086 erboris
1114 3035 1236 3086 maritan-

190 3109 202 3144 '¹
221 3112 360 3176 Quietum]
376 3113 630 3178 subintelligentia
641 3114 677 3164 si·
716 3112 756 3161 dae
768 3109 886 3162 radices!

160 3193 210 3236 tem
221 3188 378 3253 properandi
390 3203 438 3252 per
452 3189 539 3253 qualos
551 3195 676 3251 pertusos,
746 3185 753 3218 ¹
768 3185 863 3248 Altero]
886 3183 978 3234 Altero
993 3184 1107 3236 serenda
1124 3185 1183 3236 vltis
1195 3199 1234 3236 ar·

158 3262 284 3325 erpliests
296 3278 311 3312 a
322 3263 395 3313 uobls
405 3279 428 3312 o.
441 3266 482 3313 at.
516 3263 589 3314 liene
601 3265 676 3314 ratic·
714 3260 821 3311 bustirre
833 3258 909 3309 rullo.

157 3349 213 3386 nem
225 3337 321 3399 optime
337 3337 468 3388 Palladius
483 3337 614 3393 describit,
627 3339 676 3388 loc.
742 3333 752 3378 l
768 3333 889 3397 euticem]
906 3331 954 3382 Cui
965 3333 1084 3384 maritate
1096 3333 1153 3384 sitis
1163 3335 1234 3386 nulla

157 3411 200 3462 cit.
216 3412 281 3462 ‘Est
289 3419 317 3462 et
327 3411 414 3475 allud,’
424 3413 516 3476 inquit,
532 3412 581 3462 ‘de
593 3418 674 3462 trans·
712 3415 756 3463 eit.
771 3413 881 3462 Viduam
893 3409 959 3460 infra
970 3420 1053 3463 vocat.

157 3483 262 3535 ierende
272 3500 305 3536 ea
316 3485 419 3536 arbusto
428 3487 480 3535 site
489 3487 675 3550 compendium.
744 3485 756 3520 ¹
775 3487 838 3536 Vitis
852 3487 877 3534 is
887 3485 995 3549 arberto]
1017 3485 1072 3537 Viti
1085 3485 1111 3534 iu
1127 3485 1231 3537 arbusto

156 3560 197 3609 Flt
208 3573 241 3609 ex
252 3560 345 3609 vimine
357 3575 435 3625 parra
448 3559 581 3611 corbicola
590 3593 675 3612 .....
712 3559 830 3611 sereudre
842 3561 927 3610 sulcus
946 3568 1060 3624 paratur,
1078 3561 1104 3610 iu
1123 3569 1233 3626 quatuor

155 3635 220 3685 lieo
237 3635 269 3686 ad
286 3637 411 3692 arboreto,
422 3637 464 3687 cui
483 3638 541 3686 sitis
557 3637 672 3695 iuberet,
711 3635 791 3701 pedes
802 3635 903 3698 longus,
913 3634 940 3683 ln
951 3643 1004 3685 tres
1013 3637 1087 3698 altus,
1095 3637 1121 3686 iu
1132 3636 1231 3700 dupou·

155 3709 252 3761 terror:
277 3720 305 3762 et
315 3712 341 3760 ln
352 3709 424 3759 fundi
436 3710 522 3761 media
532 3721 605 3775 parte
616 3725 673 3776 per·
711 3710 781 3758 diunt
797 3715 826 3758 et
842 3709 972 3759 reminsem
989 3711 1066 3772 latus,
1084 3712 1165 3776 inquit
1181 3711 1230 3761 Co·

155 3785 277 3847 tunditur,
289 3800 339 3850 quo
353 3787 474 3835 sarmenti
485 3786 580 3848 virgam
593 3785 673 3848 possit
710 3785 814 3834 lomella
835 3784 869 3833 de
890 3783 1033 3835 Arboribus
1054 3801 1112 3848 esp.
1136 3792 1175 3836 ld.
1196 3801 1230 3837 ex

154 3860 296 3911 admittere.
328 3859 441 3910 Inducto
449 3860 537 3924 itaque
546 3867 672 3911 sarmento
710 3875 760 3925 quo
770 3860 937 3923 corrigendus
949 3861 1027 3909 Plinii
1038 3862 1108 3910 locus
1119 3861 1229 3924 ridetur,

154 3937 212 3986 sitis
224 3936 291 4000 ejus,
299 3934 331 3984 de
339 3950 390 4000 qus
398 3933 539 3984 transferre
551 3935 673 3999 disponis,
710 3949 740 3984 sc
761 3932 936 3996 permutando
958 3933 1067 3983 laricem
1088 3934 1229 3985 latitudinis

153 4011 280 4064 corbionis
290 4011 345 4073 ipsa
355 4024 389 4058 ex
400 4009 485 4073 aliqua
494 4007 589 4058 arboris
597 4017 671 4072 parte
710 4007 902 4072 altitudinisque
912 4021 1038 4056 mensures
1047 4024 1055 4076 3
1068 4009 1116 4058 nisi
1127 4011 1227 4062 diverse

152 4085 324 4150 suspenditur,
342 4091 369 4134 et
387 4084 443 4133 risa
458 4091 528 4132 terra
548 4084 671 4146 repletur,
709 4084 768 4134 cunii
779 4082 867 4133 aosoli
878 4081 1084 4134 ratiulrebestur.

153 4171 179 4213 ut
196 4167 353 4213 sarmentum
376 4165 445 4209 terra
465 4157 547 4222 possit
565 4157 670 4220 includi,
