3062 4896
469 451 557 500 rear.
581 448 679 500 urar.
703 450 775 499 cra.
798 450 895 499 xvrr.
917 435 972 500 40.
1178 435 1265 501 2773

172 612 279 676 nsque
304 592 347 658 ad
373 591 552 657 medullam
581 593 615 654 in
638 599 785 669 senecta,
808 597 866 656 ant
891 611 968 656 cnm
991 591 1148 656 alimento
1162 594 1264 659 nimio

172 695 342 760 abundare
357 696 552 758 sentiuntur.
597 693 692 757 ldem
716 701 751 756 et
775 693 912 757 ficorum
934 692 1066 774 turgido
1081 695 1203 758 cortice
1217 697 1265 759 in·

170 796 289 859 cisuris
305 797 340 859 in
368 797 540 877 obliquum
562 795 693 859 levibns
715 795 893 860 emittitur:
916 796 967 859 ita
989 794 1028 858 fit
1048 813 1090 856 ne
1111 794 1266 860 decidant

170 896 307 959 fructus.
358 892 554 972 Pomiferis,¹
576 915 652 979 quae
677 895 869 976 germinant,
890 915 954 958 nec
982 895 1092 959 ferunt
1112 894 1267 973 fructum,

169 995 251 1059 fissa
272 997 384 1060 radice
405 996 526 1060 inditur
554 997 652 1078 lapis,
677 995 867 1078 fertilesque
891 996 999 1058 liunt.²
1044 995 1123 1059 Hoc
1146 996 1263 1059 idemm

169 1101 204 1158 et
215 1097 414 1179 amygdalis,
436 1116 455 1160 e
474 1097 592 1176 robore
612 1115 722 1159 cuneo
744 1095 873 1160 adacto.
918 1094 958 1159 In
980 1097 1060 1178 piris
1075 1097 1264 1179 sorbisque,

170 1216 189 1260 e
204 1196 321 1273 taeda,¹¹
343 1217 384 1261 ac
399 1198 508 1261 cinere
523 1204 557 1260 et
575 1204 660 1262 terra
673 1203 844 1278 cooperto.
889 1195 1000 1259 Etiam
1026 1195 1177 1260 redices⁰
1198 1199 1263 1261 cir·

170 1296 374 1362 cnmcidisse
404 1297 544 1381 prodest
573 1299 690 1362 vitium
718 1296 957 1361 luxuriantium
991 1297 1207 1381 ficorumque,
1230 1303 1264 1362 et

172 1399 378 1464 circumcisis
404 1400 547 1463 cinerem
578 1398 759 1463 addidisse.
814 1397 888 1462 Fici
913 1399 1087 1464 serotinael’
1107 1399 1201 1477 finnt,
1232 1399 1262 1462 si

169 1499 286 1579 primae
311 1501 428 1581 grossi,
451 1519 527 1564 cum
549 1500 637 1564 labec
659 1499 917 1582 magnitudinem
939 1519 1131 1577 excessere,
1153 1500 1262 1565 detra-

169 1598 304 1664 hantur:
328 1601 574 1666 subnascuntur
587 1602 675 1665 enim
689 1619 766 1683 quae
787 1599 895 1663 serius
911 1606 1144 1665 maturescunt.
1189 1600 1262 1666 13ae-

170 1701 243 1765 dem
264 1711 364 1767 curn‘¹
385 1701 541 1767 frondere
556 1704 730 1785 incipiunt,
752 1701 783 1764 si
797 1701 973 1765 cacumina
994 1703 1075 1765 rami
1096 1701 1259 1785 cujusque

169 1800 391 1880 detrahantur,
404 1802 561 1868 firmiores
570 1803 815 1885 fertilioresque
827 1801 929 1866 tincta
944 1821 1020 1866 nam
1031 1803 1261 1886 caprificatior

170 1909 336 1968 maturat-³

624 2064 802 2083 ΜΝΝΙΝΙΟ

167 2227 274 2276 draatati
288 2227 376 2290 pituita
394 2225 505 2290 defluere,
522 2242 536 2277 e
552 2227 729 2290 Thebaite-t
744 2228 837 2278 Dalrc.
846 2227 945 2285 fertiles
961 2229 996 2278 rie
1004 2229 1081 2294 Μ.
1114 2231 1187 2286 Mox,
1206 2231 1259 2282 Hoc

166 2291 227 2338 idem
248 2292 274 2339 ia
290 2293 421 2355 amygdalis
436 2290 566 2341 cuim-a
584 2293 625 2341 Ira
645 2292 771 2340 llarduin.
785 2297 806 2342 1.
818 2296 843 2341 2.
855 2296 879 2340 ³.
892 2293 990 2343 Miller.
1008 2295 1114 2358 Bipont.
1126 2302 1154 2343 at
1167 2295 1258 2344 Frena.

168 2355 233 2403 Nam
243 2355 416 2420 menficatioae
427 2361 555 2415 maturato,
564 2355 590 2404 ia
599 2372 635 2415 en,
650 2357 691 2418 tro.
709 2356 824 2405 Gronov.
842 2362 868 2406 et
887 2357 973 2421 rulgg.
1002 2359 1147 2424 caprificatio
1156 2365 1260 2408 maturat

166 2418 228 2469 Vct.
240 2419 332 2470 Dalec.
353 2419 527 2486 cnpnficattoae
537 2424 695 2470 maturatur.
723 2420 754 2468 Ia
764 2435 800 2482 en,
811 2423 851 2484 tre.
863 2423 955 2470 Dalec.

658 2575 765 2668 Nodffi

164 2743 245 2792 'Corn
262 2743 357 2793 deinde
367 2745 444 2794 arbor
455 2745 564 2810 (ulmus)
581 2753 695 2795 retorta·
733 2753 792 2795 turr
811 2746 850 2794 vel
862 2746 932 2796 circa
949 2754 1049 2810 partem
1065 2747 1179 2798 nltimam
1191 2748 1261 2800 torsa

167 2826 219 2878 tere
241 2816 320 2868 inerit
339 2821 447 2884 adepta,
468 2829 576 2884 propter
595 2835 693 2870 ramum
732 2820 1125 2885 lactucamnloingertlcineria
1141 2821 1260 2888 adequa-

167 2892 354 2950 vulnerabitur,
365 2895 403 2944 ita
418 2901 446 2945 nt
463 2905 603 2946 excavetur
614 2911 694 2960 neque
735 2896 793 2946 tur!

166 2969 194 3017 ln
205 2967 352 3031 medullam,
367 2983 418 3034 qna
435 2971 468 3020 rit
486 2971 570 3020 extrue
586 2970 694 3026 humori,
765 2981 777 3006 ⁰
793 2973 878 3022 Etiam
888 2973 991 3037 radices]
1007 2973 1135 3036 Theophr.
1148 2973 1259 3025 llirrar.

166 3057 242 3106 quam
265 3057 297 3092 ex
316 3045 449 3108 superiore
472 3052 547 3108 parta
567 3060 692 3110 concepe»
733 3051 758 3096 8.
775 3055 801 3096 et
821 3049 923 3098 Pallad.
938 3049 984 3099 lib.
1002 3063 1041 3098 rr.
1060 3050 1087 3099 in
1100 3049 1205 3112 Martio,
1217 3051 1258 3100 tir.

168 3118 222 3169 rit!
733 3125 772 3171 lo.
804 3126 865 3171 .9a.

201 3191 207 3226 ¹
220 3193 362 3257 Pomir‘eria]
378 3193 507 3258 Theopbr.
519 3195 590 3244 illst.
602 3210 632 3246 rr.
643 3201 667 3245 8.
765 3136 847 3246 0ρῖϋί
855 3197 976 3262 meae]
994 3199 1092 3248 eornm.
1104 3200 1155 3252 loe.
1171 3200 1215 3250 cit.
1231 3216 1257 3264 p.

198 3277 217 3304 ¹²
234 3270 288 3318 Hoc
309 3267 384 3330 idem]
407 3271 535 3335 Tbenpbr.
557 3279 585 3322 ct
605 3272 692 3325 Palla·
732 3275 789 3322 20⁰.
807 3271 850 3320 ‘Si
874 3273 944 3322 volas
961 3272 1047 3330 ticum,
1069 3274 1184 3337 quamvis
1206 3289 1257 3324 non

167 3343 235 3406 dior,
245 3345 308 3394 locta
320 3345 415 3394 citatis.
733 3353 835 3402 natura,
846 3360 929 3395 raram
945 3346 1043 3402 facere,
1055 3355 1107 3397 tum
1119 3351 1257 3412 merulos,

197 3429 209 3454 ¹¹
228 3421 258 3470 la
272 3420 495 3483 piriambirqre‚e
511 3421 587 3484 teda]
604 3423 635 3471 ln
645 3422 693 3484 hle,
732 3422 876 3484 prioremve
887 3420 998 3471 fructum
1009 3423 1144 3473 decutitn:
1162 3425 1257 3475 iterum

163 3497 281 3560 inquire
299 3494 369 3546 teda
380 3493 410 3543 tit
420 3509 524 3552 annena,
544 3496 587 3560 qni
604 3497 692 3560 adiga-
734 3497 841 3546 alterurn
853 3496 923 3560 edet,
934 3512 1009 3561 qoem
1020 3498 1045 3548 in
1057 3499 1171 3563 hyemem
1183 3498 1257 3551 dille·

164 3583 216 3622 rur.
249 3572 350 3620 Colum.
369 3586 395 3622 v.
413 3576 453 3621 10.
474 3586 500 3634 p.
517 3576 574 3622 100.
599 3573 692 3622 ‘Piros
733 3581 782 3622 ret.
814 3574 1002 3637 Nonnunquam
1014 3575 1101 3636 etiam,
1117 3588 1174 3624 cnm
1186 3575 1255 3626 fron·

165 3657 195 3698 nt
205 3649 239 3698 rit
249 3646 333 3709 ferax,
343 3660 401 3695 cnm
412 3646 563 3708 adoleverit,
571 3649 623 3697 alte
635 3659 691 3697 eam
732 3649 795 3698 dere
813 3656 949 3712 coepernnt
970 3651 1101 3700 cacumina
1121 3649 1172 3713 dcl,
1187 3650 1255 3701 terro

163 3725 327 3789 ablaqueato,
344 3727 372 3770 et
388 3721 468 3784 juxta
483 3721 563 3783 ipram
577 3722 690 3774 radicem
731 3736 830 3772 summa
841 3721 1104 3786 prodeatampntarer
1115 3725 1254 3796 rietirnrio·

162 3808 284 3851 truncum
304 3795 404 3858 findite,
427 3803 454 3845 et
473 3795 588 3847 fissuram
609 3812 690 3848 cuneo
732 3811 771 3846 rea
790 3798 892 3846 arborea
913 3803 940 3846 et
956 3795 1096 3848 feraciores
1112 3800 1253 3862 finnt,'&c.

164 3873 240 3924 taedae
258 3873 341 3936 pinara
358 3871 465 3933 adigito,
481 3877 508 3919 et
521 3871 556 3920 ibi
568 3871 690 3936 relinqui·
732 3872 864 3922 Palladiur
875 3873 936 3922 itera
947 3872 972 3922 in
984 3875 1091 3938 Martio,
1109 3876 1152 3926 lib.
1163 3890 1199 3928 ιν.
1215 3879 1255 3928 rit.

165 3957 210 3998 to:
228 3946 333 4007 deinde,
352 3943 471 3994 absumta
487 3945 692 4010 ablaqueatione,
732 3953 771 3997 10.
782 3948 815 3997 de
827 3947 888 4012 lieu,
898 3963 923 4012 p.
935 3953 975 3998 90.

162 4025 276 4073 cinerem
293 4021 607 4085 ropraterraminjicito.'
642 4023 689 4072 Ea·
762 4026 888 4074 acmen
906 4025 970 4088 ura]
986 4025 1129 4076 Columella
1145 4035 1174 4080 et
1193 4030 1253 4082 Pal·

162 4101 219 4148 dem
239 4095 369 4146 Palladius
388 4094 478 4156 babet,
495 4096 542 4144 loc·
553 4095 599 4145 cir.
612 4112 637 4160 ρ.
645 4102 686 4146 td.
728 4097 779 4146 lad.
791 4099 854 4147 locis
865 4098 960 4147 citatis.

163 4172 195 4220 de
216 4172 305 4220 sorbo:
324 4168 367 4216 ‘Si
387 4167 469 4216 minus
487 4166 556 4219 terre
569 4172 686 4233 coperit,
758 4172 850 4220 trram
868 4165 1025 4238 capnflcnrio]
1042 4174 1110 4225 Vide
1123 4177 1205 4228 Notas
1226 4187 1252 4230 et

163 4248 238 4299 toedae
256 4257 353 4294 coneus
373 4241 429 4305 ejna
447 4243 574 4293 radicibus
592 4245 686 4295 inrera·
727 4248 834 4298 Emend.
845 4251 963 4298 namtl.
