3166 4894
523 415 612 465 uun.
634 415 734 464 uisu.
757 415 830 464 cru.
852 415 936 466 xvr.
956 401 1010 468 85.
1224 405 1312 470 2615

223 559 355 635 citrum,
378 577 533 643 acerque.
578 559 653 624 Neo
679 559 817 624 uiiarum
839 559 954 624 tubera
976 561 1011 624 in
1032 562 1152 650 ppetio.
1194 559 1312 626 Media

224 680 302 742 pars
328 659 483 725 arborum
505 657 672 743 crispior,⁶
693 667 726 726 et
746 679 813 744 quo
837 661 974 745 propior
992 663 1109 739 rudici,
1129 663 1311 727 minoribus

223 760 396 844 magisque
418 760 607 824 flexilibus·
629 761 781 826 maculis.
824 761 914 827 Haec
930 763 1139 846 primaorigo
1154 763 1311 845 luxuriae,

224 864 372 930 arborem
397 861 464 925 alia
493 861 605 942 integi,
633 870 667 926 et
689 862 822 926 viliores
845 863 933 944 tigno
953 865 1164 947 pretiosiores
1185 865 1311 928 cortice

224 963 318 1051 fieri!
362 962 411 1028 Ut
424 981 492 1026 nnc
508 963 607 1026 arbor
627 963 755 1045 saepius
775 959 917 1040 reuirat,j
942 965 1145 1046 excogitatae
1161 973 1257 1029 sunt⁷
1279 969 1313 1027 ct

223 1063 303 1144 ligni
319 1063 475 1128 bracteae.
498 1063 574 1128 Nec
587 1065 693 1128 satis:
709 1083 843 1148 coepera
858 1066 962 1146 tingui
976 1065 1165 1130 animalium
1180 1084 1314 1138 cornua,

225 1163 341 1228 dautes
370 1161 519 1228 sectari:k
541 1164 730 1247 lignumque
751 1165 850 1228 abore
876 1164 1150 1246 distinguimus
1179 1165 1313 1248 operiri.

226 1263 360 1331 Placuit
383 1265 501 1330 deinde
526 1265 697 1330 materiam
726 1274 762 1332 et
783 1267 819 1330 in
847 1267 930 1330 nturi
955 1267 1071 1349 quaeri.
1114 1267 1263 1330 Teatrrdo
1280 1267 1314 1329 in

107 1439 113 1442 ,
222 1357 307 1430 ¹hcc¹
337 1373 440 1431 secta.
485 1366 668 1449 Nuperque
704 1368 907 1449 portentosis
943 1367 1086 1448 ingeniis
1121 1367 1313 1450 principatu

227 1465 370 1530 Neronis
383 1467 564 1543 inventum,
574 1472 614 1531 ut
624 1466 801 1549 pigmentis
815 1466 1022 1548 perdarctso,
1038 1467 1208 1550 plurisque
1220 1467 1313 1531 veni·

226 1573 277 1637 rot
290 1567 418 1630 imitata
428 1568 564 1648 lignum.
608 1567 666 1632 Sic
681 1570 778 1632 lectis
789 1567 802 1606 ⁸
815 1568 925 1649 pretia
939 1575 1147 1649 quaemntura
1167 1568 1218 1633 sic
1231 1575 1313 1632 terc-

227 1667 375 1730 binthum
385 1674 405 1702 ¹²²
427 1668 514 1730 vinci
525 1667 659 1751 jubent,
674 1669 724 1733 sic
739 1669 858 1732 citrum
875 1668 1054 1750 pretiosius
1073 1667 1155 1745 fieri,
1170 1669 1220 1734 sic
1235 1687 1314 1734 acor

228 1769 347 1851 decipi.
371 1833 377 1842 ,
392 1767 499 1833 Modo
515 1768 651 1832 luxuria
667 1787 735 1832 aon
750 1769 857 1833 incr-at
871 1775 1027 1833 contentu
1041 1769 1151 1852 liguo:
1168 1771 1240 1853 jam
1254 1769 1314 1850 iig-

228 1888 305 1932 num
322 1870 408 1932 eninr
423 1869 619 1934 etcstudiue
636 1871 761 1934 facitur

275 1984 423 2032 cxxxv.
437 1975 574 2050 (xciv.)
595 1969 678 2036 Vita
692 1973 845 2035 arborum
857 1971 1234 2055 quarundamimmeusa
1245 1991 1316 2036 cre·

229 2067 263 2132 di
276 2076 402 2151 potest,
417 2069 532 2152 siquis
546 2068 713 2152 profunda
726 2071 884 2135 mnudiet
898 2072 1209 2136 suitusiuaccessos
1224 2073 1316 2154 cogis

229 2176 301 2234 tot.¹
323 2167 450 2234 Verum
460 2189 504 2234 ex
518 2168 571 2233 his
585 2188 672 2252 quas
685 2171 843 2235 memoria
852 2171 1019 2235 homiuum
1028 2171 1187 2248 custodit,
1197 2170 1316 2236 durant

228 2272 263 2334 iu
279 2269 449 2335 Liternino
464 2269 615 2334 Africani
630 2273 749 2354 prioris
764 2291 864 2336 mauu
879 2278 962 2336 sutae
974 2272 1083 2336 oiivco.
1127 2272 1214 2336 Item
1229 2290 1317 2356 myr-

231 2380 287 2436 tus
310 2371 429 2436 eodem
450 2371 526 2446 ioco
548 2372 741 2454 conspicuat
760 2371 1001 2452 magnitudinis.
1045 2369 1168 2437 Subest
1181 2392 1316 2456 specus,

230 2475 345 2556 inquo
366 2491 481 2536 manes
504 2470 576 2554 ejus
599 2471 769 2536 custodire
790 2470 890 2536 draco
909 2471 1057 2537 truditur.
1101 2471 1220 2538 Roman
1236 2491 1316 2539 vero

230 2574 316 2637 lotos
342 2574 377 2637 in
406 2572 542 2636 Lucium
573 2591 661 2649 areu,
691 2591 776 2636 auno
797 2573 856 2656 qui
879 2573 944 2636 init
968 2573 1042 2636 sinc
1069 2573 1317 2656 magistratibus

264 2767 423 2819 ‘i’ieaeuoeia
488 2765 858 2830 *commentatum
866 2767 1215 2831 pretiosioraiaiariurirorer.
1250 2717 1257 2738 α

686 2923 863 2947 “munau

233 3049 343 3092 receutt.
359 3043 479 3105 medioque
487 3056 543 3106 porr
553 3040 770 3104 uicrumeriapior
787 3039 902 3091 Gronov.
920 3045 949 3089 et
966 3041 1007 3088 rui
1028 3053 1053 3099 tr.
1068 3039 1146 3089 nediu
1154 3039 1319 3102 purrcrupior·

234 3107 291 3156 cod.
304 3107 442 3155 Datne-t
455 3105 495 3154 itu
506 3105 631 3170 Harduip.
643 3111 667 3155 1.
678 3107 702 3154 2.
713 3109 737 3152 8.
746 3112 773 3154 at
782 3113 892 3154 receutt.
908 3105 994 3153 conice
1021 3103 1065 3160 eri,
1076 3109 1103 3152 at
1114 3118 1138 3152 u.
1149 3121 1174 3166 a.
1181 3119 1202 3153 r.
1213 3106 1319 3154 ueniret.

236 3171 385 3230 &cogitata
396 3175 450 3219 mu
462 3169 576 3218 Gronov.
588 3177 614 3216 et
627 3170 660 3218 ot.
670 3177 729 3217 unte
746 3169 922 3218 Harduiu.-8
940 3168 982 3216 Sic
992 3167 1042 3216 iitir
1050 3163 1182 3216 cutm-c
1199 3167 1240 3216 its
1252 3167 1318 3216 Har·

234 3235 304 3284 duin.
314 3239 338 3284 1.
349 3239 375 3283 8.
386 3239 410 3283 ³.
433 3234 529 3282 idiiiur.
539 3233 646 3295 Bipout.
657 3239 685 3280 et
697 3233 788 3284 Fruua.
815 3233 869 3293 jun
879 3233 969 3294 iignum
979 3231 1024 3280 ni
1034 3231 1241 3290 testsdiansaeit
1252 3231 1319 3281 Edd.

235 3305 299 3348 vett.
316 3299 371 3360 jan
380 3298 471 3360 dgnus
481 3298 527 3346 eati
537 3296 663 3356 testudine,
672 3298 712 3357 ξε.
724 3295 782 3346 cod.
793 3297 885 3346 Daiec.

267 3363 333 3412 Car.
345 3375 452 3413 cxxxv.
484 3366 498 3410 l
517 3359 581 3410 cod.
593 3360 685 3410 Deire.
695 3360 843 3423 σφισι-2
860 3361 903 3410 itu
914 3357 1041 3409 iiurduiu.
1055 3361 1078 3408 l.
1089 3361 1114 3408 2.
1125 3361 1151 3410 8.
1167 3357 1261 3408 tttuer.
1275 3357 1319 3407 Bi-

724 3520 833 3572 NOTAE

266 3620 275 3664 i
294 3621 325 3672 tu
336 3619 601 3685 fflmraroexiret]
616 3620 653 3670 Ut
665 3619 757 3682 rupina
798 3614 964 3669 tarabmtutot
975 3613 1038 3678 tigni
1047 3615 1147 3664 cotors:
1165 3612 1319 3661 testudinem

237 3694 757 3759 reuuiiacoset:primumquidam‚prinr·
797 3695 876 3746 initur
897 3693 956 3742 citri
977 3691 1084 3755 pictum,
1100 3690 1166 3739 citro
1188 3689 1244 3751 ipro
1265 3685 1322 3738 tisri

236 3785 313 3841 qurum
325 3779 457 3820 recuratur
469 3773 494 3820 tu
505 3772 629 3820 tamtam
653 3770 757 3818 iterum·
797 3769 973 3835 pretiosiorem
984 3783 990 3816 ε
1002 3768 1114 3831 dooiqrm
1122 3764 1229 3815 eundern
1238 3765 1322 3813 sceris

238 3860 298 3908 quc,
308 3859 365 3896 curu
376 3853 448 3896 rectu
464 3852 534 3894 etant
549 3845 574 3893 iu
589 3859 632 3894 eac
642 3844 757 3906 iconion,
797 3845 882 3895 coloro
903 3845 1035 3905 imbutam,
1055 3855 1102 3906 pro
1120 3853 1196 3890 ocera
1213 3851 1273 3889 voro
1291 3853 1321 3890 oe

238 3923 397 3972 bracteam.
798 3919 886 3968 nativo
897 3917 989 3981 accipi.

270 3995 483 4058 inmensam]
500 3995 578 4044 Ebur.
829 4001 843 4027 ³
858 3994 1017 4054 Janttgxan
1028 3993 1112 4040 enine
1125 3989 1323 4053 testudinesucii]

271 4071 277 4104 ¹
296 4072 429 4122 Tertudoix
440 4069 493 4133 tac]
511 4071 541 4119 lu
553 4071 676 4120 murus.
799 4066 942 4117 ‘fortudine
960 4067 1032 4130 pieta
1049 4067 1075 4115 in
1096 4065 1158 4126 lini
1178 4065 1322 4114 uiruiiitndi·

271 4157 288 4182 ¹⁰
300 4147 342 4197 Sic
352 4147 570 4212 turbistimJSio
580 4143 761 4202 terebinthum,
800 4157 868 4192 uem.
900 4141 966 4191 Vide
986 4141 1068 4192 Notas
1084 4148 1112 4190 ot
1131 4139 1238 4190 Emetrd.
1251 4151 1320 4190 oum.

239 4229 329 4293 iuquit,
345 4226 411 4277 uinci
432 4225 529 4288 volunt,
546 4225 613 4288 picta
631 4219 761 4274 testudine
800 4221 839 4267 ⁸8.
