<?xml version="1.0" encoding="UTF-8"?>
<!DOCTYPE html PUBLIC "-//W3C//DTD XHTML 1.0 Transitional//EN"
    "http://www.w3.org/TR/xhtml1/DTD/xhtml1-transitional.dtd">
<html xmlns="http://www.w3.org/1999/xhtml" xml:lang="en" lang="en">
 <head>
  <title>
</title>
<meta http-equiv="Content-Type" content="text/html;charset=utf-8" />
  <meta name='ocr-system' content='tesseract 3.04.00' />
  <meta name='ocr-capabilities' content='ocr_page ocr_carea ocr_par ocr_line ocrx_word'/>
</head>
<body>
  <div class='ocr_page' id='page_1' title='image "./cpliniisecundin07brotgoog_0118.png"; bbox 0 0 3156 4886; ppageno 0'>
   <div class='ocr_carea' id='block_1_1' title="bbox 537 329 1307 418">
    <p class='ocr_par' dir='ltr' id='par_1_1' title="bbox 537 329 1307 418">
     <span class='ocr_line' id='line_1_1' title="bbox 537 329 1307 418; baseline 0.022 -30"><span class='ocrx_word' id='word_1_1' title='bbox 537 341 624 389; x_wconf 78' lang='lat' dir='ltr'><strong>aar.</strong></span> <span class='ocrx_word' id='word_1_2' title='bbox 648 341 747 392; x_wconf 72' lang='lat' dir='ltr'><strong>rursu.</strong></span> <span class='ocrx_word' id='word_1_3' title='bbox 772 343 844 418; x_wconf 67' lang='lat' dir='ltr'><strong>uqa.</strong></span> <span class='ocrx_word' id='word_1_4' title='bbox 868 329 996 394; x_wconf 82' lang='lat' dir='ltr'><strong>xrv.8.</strong></span> <span class='ocrx_word' id='word_1_5' title='bbox 1222 333 1307 404; x_wconf 70' lang='lat'><strong>236³</strong></span> 
     </span>
    </p>
   </div>
   <div class='ocr_carea' id='block_1_2' title="bbox 220 482 1401 1578">
    <p class='ocr_par' dir='ltr' id='par_1_2' title="bbox 220 482 1401 1578">
     <span class='ocr_line' id='line_1_2' title="bbox 220 482 1307 569; baseline 0.009 -23"><span class='ocrx_word' id='word_1_6' title='bbox 220 488 359 568; x_wconf 84' lang='lat' dir='ltr'><strong>propter</strong></span> <span class='ocrx_word' id='word_1_7' title='bbox 385 482 578 548; x_wconf 77' lang='lat' dir='ltr'><strong>tenuitatem</strong></span> <span class='ocrx_word' id='word_1_8' title='bbox 603 484 911 569; x_wconf 76' lang='lat' dir='ltr'><strong>salubritatemque.</strong></span> <span class='ocrx_word' id='word_1_9' title='bbox 953 486 1106 551; x_wconf 83' lang='lat' dir='ltr'><strong>Tiberius</strong></span> <span class='ocrx_word' id='word_1_10' title='bbox 1127 486 1241 556; x_wconf 71' lang='lat' dir='ltr'><strong>cesar</strong></span> <span class='ocrx_word' id='word_1_11' title='bbox 1257 491 1307 556; x_wconf 89' lang='lat' dir='ltr'><strong>di·</strong></span> 
     </span>
     <span class='ocr_line' id='line_1_3' title="bbox 222 583 1307 664; baseline 0.013 -20"><span class='ocrx_word' id='word_1_12' title='bbox 222 583 320 647; x_wconf 86' lang='lat' dir='ltr'><strong>cebat</strong></span> <span class='ocrx_word' id='word_1_13' title='bbox 335 585 569 649; x_wconf 85' lang='lat' dir='ltr'><strong>‘consensisse</strong></span> <span class='ocrx_word' id='word_1_14' title='bbox 584 585 746 664; x_wconf 85' lang='lat' dir='ltr'><strong>medicos,</strong></span> <span class='ocrx_word' id='word_1_15' title='bbox 760 593 799 650; x_wconf 87' lang='lat' dir='ltr'><strong>ut</strong></span> <span class='ocrx_word' id='word_1_16' title='bbox 814 586 1020 652; x_wconf 82' lang='lat' dir='ltr'><strong>nobilitatem</strong></span> <span class='ocrx_word' id='word_1_17' title='bbox 1040 588 1232 656; x_wconf 88' lang='lat' dir='ltr'><strong>Surrentino</strong></span> <span class='ocrx_word' id='word_1_18' title='bbox 1247 592 1307 658; x_wconf 85' lang='lat' dir='ltr'><strong>da-</strong></span> 
     </span>
     <span class='ocr_line' id='line_1_4' title="bbox 220 684 1307 778; baseline 0.012 -31"><span class='ocrx_word' id='word_1_19' title='bbox 220 689 302 759; x_wconf 85' lang='lat' dir='ltr'><strong>rent,</strong></span> <span class='ocrx_word' id='word_1_20' title='bbox 323 684 448 767; x_wconf 82' lang='lat' dir='ltr'><strong>alioqui</strong></span> <span class='ocrx_word' id='word_1_21' title='bbox 467 703 542 750; x_wconf 89' lang='lat' dir='ltr'><strong>esse</strong></span> <span class='ocrx_word' id='word_1_22' title='bbox 564 705 755 768; x_wconf 79' lang='lat' dir='ltr'><strong>generosum</strong></span> <span class='ocrx_word' id='word_1_23' title='bbox 779 695 911 754; x_wconf 84' lang='lat' dir='ltr'><strong>acetum</strong></span> <span class='ocrx_word' id='word_1_24' title='bbox 925 687 953 753; x_wconf 77' lang='grc' dir='ltr'><strong>ι’</strong></span> <span class='ocrx_word' id='word_1_25' title='bbox 983 689 1084 756; x_wconf 85' lang='lat' dir='ltr'><strong>Cuius</strong></span> <span class='ocrx_word' id='word_1_26' title='bbox 1107 691 1232 774; x_wconf 74' lang='lat' dir='ltr'><strong>Caesar,</strong></span> <span class='ocrx_word' id='word_1_27' title='bbox 1247 696 1307 778; x_wconf 91' lang='lat' dir='ltr'><strong>qui</strong></span> 
     </span>
     <span class='ocr_line' id='line_1_5' title="bbox 220 785 1305 878; baseline 0.011 -29"><span class='ocrx_word' id='word_1_28' title='bbox 220 786 388 850; x_wconf 83' lang='lat' dir='ltr'><strong>suecessit</strong></span> <span class='ocrx_word' id='word_1_29' title='bbox 398 785 478 863; x_wconf 85' lang='lat' dir='ltr'><strong>illi,‘</strong></span> <span class='ocrx_word' id='word_1_30' title='bbox 490 787 635 851; x_wconf 90' lang='lat' dir='ltr'><strong>nobilem</strong></span> <span class='ocrx_word' id='word_1_31' title='bbox 645 787 840 872; x_wconf 69' lang='lat' dir='ltr'><strong>vappam!d</strong></span> <span class='ocrx_word' id='word_1_32' title='bbox 862 789 1019 856; x_wconf 81' lang='lat' dir='ltr'><strong>Certaet⁸</strong></span> <span class='ocrx_word' id='word_1_33' title='bbox 1034 791 1185 859; x_wconf 86' lang='lat' dir='ltr'><strong>Massica</strong></span> <span class='ocrx_word' id='word_1_34' title='bbox 1199 814 1305 878; x_wconf 83' lang='lat' dir='ltr'><strong>oeque,</strong></span> 
     </span>
     <span class='ocr_line' id='line_1_6' title="bbox 223 884 1306 977; baseline 0.014 -29"><span class='ocrx_word' id='word_1_35' title='bbox 223 903 267 948; x_wconf 85' lang='lat' dir='ltr'><strong>ex</strong></span> <span class='ocrx_word' id='word_1_36' title='bbox 287 891 398 950; x_wconf 90' lang='lat' dir='ltr'><strong>monte</strong></span> <span class='ocrx_word' id='word_1_37' title='bbox 425 886 540 952; x_wconf 80' lang='lat' dir='ltr'><strong>Gauro</strong></span> <span class='ocrx_word' id='word_1_38' title='bbox 577 884 624 925; x_wconf 58' lang='grc' dir='ltr'><strong>ω’</strong></span> <span class='ocrx_word' id='word_1_39' title='bbox 652 888 817 955; x_wconf 84' lang='lat' dir='ltr'><strong>Puteolos</strong></span> <span class='ocrx_word' id='word_1_40' title='bbox 855 890 1026 975; x_wconf 79' lang='lat' dir='ltr'><strong>Baiasque</strong></span> <span class='ocrx_word' id='word_1_41' title='bbox 1050 898 1306 977; x_wconf 81' lang='lat' dir='ltr'><strong>prospectantia.</strong></span> 
     </span>
     <span class='ocr_line' id='line_1_7' title="bbox 222 983 1306 1076; baseline 0.011 -26"><span class='ocrx_word' id='word_1_42' title='bbox 222 983 313 1050; x_wconf 88' lang='lat' dir='ltr'><strong>Nam</strong></span> <span class='ocrx_word' id='word_1_43' title='bbox 328 985 470 1052; x_wconf 81' lang='lat' dir='ltr'><strong>Falerno</strong></span> <span class='ocrx_word' id='word_1_44' title='bbox 483 989 686 1053; x_wconf 82' lang='lat' dir='ltr'><strong>contermina</strong></span> <span class='ocrx_word' id='word_1_45' title='bbox 697 989 841 1054; x_wconf 81' lang='lat' dir='ltr'><strong>Statana</strong></span> <span class='ocrx_word' id='word_1_46' title='bbox 852 990 895 1055; x_wconf 90' lang='lat' dir='ltr'><strong>ad</strong></span> <span class='ocrx_word' id='word_1_47' title='bbox 907 992 1111 1076; x_wconf 82' lang='lat' dir='ltr'><strong>principatus</strong></span> <span class='ocrx_word' id='word_1_48' title='bbox 1123 1002 1170 1042; x_wconf 86' lang='lat'><strong>¹¹⁸</strong></span> <span class='ocrx_word' id='word_1_49' title='bbox 1186 1015 1306 1062; x_wconf 86' lang='lat' dir='ltr'><strong>venere</strong></span> 
     </span>
     <span class='ocr_line' id='line_1_8' title="bbox 224 1085 1307 1180; baseline 0.013 -31"><span class='ocrx_word' id='word_1_50' title='bbox 224 1105 292 1150; x_wconf 86' lang='lat' dir='ltr'><strong>non</strong></span> <span class='ocrx_word' id='word_1_51' title='bbox 307 1085 426 1152; x_wconf 85' lang='lat' dir='ltr'><strong>dubie:</strong></span> <span class='ocrx_word' id='word_1_52' title='bbox 448 1088 626 1171; x_wconf 83' lang='lat' dir='ltr'><strong>palamque</strong></span> <span class='ocrx_word' id='word_1_53' title='bbox 638 1089 745 1154; x_wconf 82' lang='lat' dir='ltr'><strong>iecere</strong></span> <span class='ocrx_word' id='word_1_54' title='bbox 759 1110 821 1155; x_wconf 91' lang='lat' dir='ltr'><strong>sua</strong></span> <span class='ocrx_word' id='word_1_55' title='bbox 843 1093 1031 1178; x_wconf 87' lang='lat' dir='ltr'><strong>quibusque</strong></span> <span class='ocrx_word' id='word_1_56' title='bbox 1045 1095 1137 1159; x_wconf 88' lang='lat' dir='ltr'><strong>terris</strong></span> <span class='ocrx_word' id='word_1_57' title='bbox 1157 1096 1307 1180; x_wconf 86' lang='lat' dir='ltr'><strong>tempora</strong></span> 
     </span>
     <span class='ocr_line' id='line_1_9' title="bbox 223 1189 1308 1281; baseline 0.011 -29"><span class='ocrx_word' id='word_1_58' title='bbox 223 1206 307 1262; x_wconf 88' lang='lat' dir='ltr'><strong>esse,</strong></span> <span class='ocrx_word' id='word_1_59' title='bbox 320 1189 408 1253; x_wconf 88' lang='lat' dir='ltr'><strong>siout</strong></span> <span class='ocrx_word' id='word_1_60' title='bbox 419 1206 525 1253; x_wconf 85' lang='lat' dir='ltr'><strong>rerum</strong></span> <span class='ocrx_word' id='word_1_61' title='bbox 541 1196 720 1273; x_wconf 85' lang='lat' dir='ltr'><strong>proventus</strong></span> <span class='ocrx_word' id='word_1_62' title='bbox 732 1199 982 1276; x_wconf 79' lang='lat' dir='ltr'><strong>occasusque-¹²</strong></span> <span class='ocrx_word' id='word_1_63' title='bbox 1023 1193 1046 1260; x_wconf 84' lang='lat' dir='ltr'>J</span> <span class='ocrx_word' id='word_1_64' title='bbox 1049 1201 1147 1260; x_wconf 84' lang='lat' dir='ltr'><strong>uncto</strong></span> <span class='ocrx_word' id='word_1_65' title='bbox 1157 1197 1210 1262; x_wconf 89' lang='lat' dir='ltr'><strong>bie</strong></span> <span class='ocrx_word' id='word_1_66' title='bbox 1223 1217 1308 1281; x_wconf 85' lang='lat' dir='ltr'><strong>pree·</strong></span> 
     </span>
     <span class='ocr_line' id='line_1_10' title="bbox 221 1289 1401 1381; baseline 0.014 -31"><span class='ocrx_word' id='word_1_67' title='bbox 221 1290 300 1370; x_wconf 89' lang='lat' dir='ltr'><strong>poni</strong></span> <span class='ocrx_word' id='word_1_68' title='bbox 316 1289 471 1356; x_wconf 81' lang='lat' dir='ltr'><strong>solebant</strong></span> <span class='ocrx_word' id='word_1_69' title='bbox 485 1289 654 1356; x_wconf 77' lang='lat' dir='ltr'><strong>Calena:h</strong></span> <span class='ocrx_word' id='word_1_70' title='bbox 675 1299 709 1357; x_wconf 88' lang='lat' dir='ltr'><strong>et</strong></span> <span class='ocrx_word' id='word_1_71' title='bbox 723 1313 798 1374; x_wconf 85' lang='lat' dir='ltr'><strong>quae</strong></span> <span class='ocrx_word' id='word_1_72' title='bbox 817 1295 850 1356; x_wconf 92' lang='lat' dir='ltr'><strong>in</strong></span> <span class='ocrx_word' id='word_1_73' title='bbox 875 1297 979 1360; x_wconf 88' lang='lat' dir='ltr'><strong>vineis</strong></span> <span class='ocrx_word' id='word_1_74' title='bbox 998 1297 1213 1381; x_wconf 85' lang='lat' dir='ltr'><strong>arbustisque</strong></span> <span class='ocrx_word' id='word_1_75' title='bbox 1230 1321 1306 1366; x_wconf 86' lang='lat' dir='ltr'><strong>nas·</strong></span> <span class='ocrx_word' id='word_1_76' title='bbox 1393 1301 1401 1316; x_wconf 88' lang='lat'><em>&#39;</em></span> 
     </span>
     <span class='ocr_line' id='line_1_11' title="bbox 221 1389 1306 1481; baseline 0.011 -27"><span class='ocrx_word' id='word_1_77' title='bbox 221 1396 349 1467; x_wconf 82' lang='lat' dir='ltr'><strong>cuntur,</strong></span> <span class='ocrx_word' id='word_1_78' title='bbox 376 1389 558 1457; x_wconf 76' lang='lat' dir='ltr'><strong>Fundano.i</strong></span> <span class='ocrx_word' id='word_1_79' title='bbox 600 1393 683 1458; x_wconf 85' lang='lat' dir='ltr'><strong>Alia</strong></span> <span class='ocrx_word' id='word_1_80' title='bbox 706 1411 751 1458; x_wconf 85' lang='lat' dir='ltr'><strong>ex</strong></span> <span class='ocrx_word' id='word_1_81' title='bbox 782 1395 936 1460; x_wconf 77' lang='lat' dir='ltr'><strong>vieinia¹³</strong></span> <span class='ocrx_word' id='word_1_82' title='bbox 960 1397 1063 1462; x_wconf 86' lang='lat' dir='ltr'><strong>Urbis</strong></span> <span class='ocrx_word' id='word_1_83' title='bbox 1085 1397 1306 1481; x_wconf 85' lang='lat' dir='ltr'><strong>Veliternina,</strong></span> 
     </span>
     <span class='ocr_line' id='line_1_12' title="bbox 222 1489 1307 1578; baseline 0.011 -24"><span class='ocrx_word' id='word_1_84' title='bbox 222 1489 505 1576; x_wconf 80' lang='lat' dir='ltr'><strong>Privernatiaque.</strong></span> <span class='ocrx_word' id='word_1_85' title='bbox 549 1493 639 1558; x_wconf 86' lang='lat' dir='ltr'><strong>Nam</strong></span> <span class='ocrx_word' id='word_1_86' title='bbox 663 1495 751 1578; x_wconf 93' lang='lat' dir='ltr'><strong>quod</strong></span> <span class='ocrx_word' id='word_1_87' title='bbox 769 1494 911 1577; x_wconf 68' lang='lat' dir='ltr'><strong>Signieel</strong></span> <span class='ocrx_word' id='word_1_88' title='bbox 934 1499 1091 1577; x_wconf 82' lang='lat' dir='ltr'><strong>nascitur,</strong></span> <span class='ocrx_word' id='word_1_89' title='bbox 1116 1502 1307 1566; x_wconf 85' lang='lat' dir='ltr'><strong>austeritate</strong></span> 
     </span>
    </p>
   </div>
   <div class='ocr_carea' id='block_1_3' title="bbox 221 1591 1307 1758">
    <p class='ocr_par' dir='ltr' id='par_1_3' title="bbox 221 1591 1307 1758">
     <span class='ocr_line' id='line_1_13' title="bbox 221 1591 1307 1674; baseline 0.012 -20"><span class='ocrx_word' id='word_1_90' title='bbox 221 1591 326 1656; x_wconf 84' lang='lat' dir='ltr'><strong>nimio</strong></span> <span class='ocrx_word' id='word_1_91' title='bbox 348 1594 555 1660; x_wconf 84' lang='lat' dir='ltr'><strong>continendae</strong></span> <span class='ocrx_word' id='word_1_92' title='bbox 581 1595 662 1659; x_wconf 86' lang='lat' dir='ltr'><strong>utile</strong></span> <span class='ocrx_word' id='word_1_93' title='bbox 687 1598 777 1674; x_wconf 90' lang='lat' dir='ltr'><strong>alvo,</strong></span> <span class='ocrx_word' id='word_1_94' title='bbox 799 1598 884 1661; x_wconf 88' lang='lat' dir='ltr'><strong>inter</strong></span> <span class='ocrx_word' id='word_1_95' title='bbox 909 1599 1307 1667; x_wconf 83' lang='lat' dir='ltr'><strong>medicamina&#39;numera·</strong></span> 
     </span>
     <span class='ocr_line' id='line_1_14' title="bbox 221 1697 286 1758; baseline 0.031 -2"><span class='ocrx_word' id='word_1_96' title='bbox 221 1697 286 1758; x_wconf 86' lang='lat' dir='ltr'><strong>tur.</strong></span> 
     </span>
    </p>
   </div>
   <div class='ocr_carea' id='block_1_4' title="bbox 220 1792 1308 1988">
    <p class='ocr_par' dir='ltr' id='par_1_4' title="bbox 220 1792 1308 1988">
     <span class='ocr_line' id='line_1_15' title="bbox 265 1792 1306 1883; baseline 0.01 -25"><span class='ocrx_word' id='word_1_97' title='bbox 265 1792 452 1871; x_wconf 64' lang='lat' dir='ltr'><strong>Quartum*</strong></span> <span class='ocrx_word' id='word_1_98' title='bbox 473 1798 670 1864; x_wconf 83' lang='lat' dir='ltr'><strong>curriculum</strong></span> <span class='ocrx_word' id='word_1_99' title='bbox 690 1799 835 1883; x_wconf 87' lang='lat' dir='ltr'><strong>publicis</strong></span> <span class='ocrx_word' id='word_1_100' title='bbox 856 1799 965 1883; x_wconf 90' lang='lat' dir='ltr'><strong>epulis</strong></span> <span class='ocrx_word' id='word_1_101' title='bbox 986 1801 1159 1866; x_wconf 83' lang='lat' dir='ltr'><strong>obtinuere</strong></span> <span class='ocrx_word' id='word_1_102' title='bbox 1180 1802 1306 1872; x_wconf 81' lang='lat' dir='ltr'><strong>aDivo</strong></span> 
     </span>
     <span class='ocr_line' id='line_1_16' title="bbox 220 1894 1308 1988; baseline 0.011 -30"><span class='ocrx_word' id='word_1_103' title='bbox 220 1894 313 1960; x_wconf 80' lang='lat' dir='ltr'><strong>lulio</strong></span> <span class='ocrx_word' id='word_1_104' title='bbox 326 1898 369 1974; x_wconf 87' lang='lat' dir='ltr'><strong>(is</strong></span> <span class='ocrx_word' id='word_1_105' title='bbox 384 1898 469 1962; x_wconf 91' lang='lat' dir='ltr'><strong>enim</strong></span> <span class='ocrx_word' id='word_1_106' title='bbox 483 1900 606 1983; x_wconf 88' lang='lat' dir='ltr'><strong>primus</strong></span> <span class='ocrx_word' id='word_1_107' title='bbox 621 1901 849 1967; x_wconf 85' lang='lat' dir='ltr'><strong>auctoritatem</strong></span> <span class='ocrx_word' id='word_1_108' title='bbox 864 1903 916 1967; x_wconf 90' lang='lat' dir='ltr'><strong>bis</strong></span> <span class='ocrx_word' id='word_1_109' title='bbox 931 1903 1060 1981; x_wconf 85' lang='lat' dir='ltr'><strong>tribuit,</strong></span> <span class='ocrx_word' id='word_1_110' title='bbox 1073 1912 1112 1967; x_wconf 89' lang='lat' dir='ltr'><strong>ut</strong></span> <span class='ocrx_word' id='word_1_111' title='bbox 1131 1905 1166 1966; x_wconf 90' lang='lat' dir='ltr'><strong>in</strong></span> <span class='ocrx_word' id='word_1_112' title='bbox 1181 1904 1308 1988; x_wconf 87' lang='lat' dir='ltr'><strong>episto·</strong></span> 
     </span>
    </p>
   </div>
   <div class='ocr_carea' id='block_1_5' title="bbox 675 2113 854 2134">
    <p class='ocr_par' dir='ltr' id='par_1_5' title="bbox 675 2113 854 2134">
     <span class='ocr_line' id='line_1_17' title="bbox 675 2113 854 2134; baseline 0 0"><span class='ocrx_word' id='word_1_113' title='bbox 675 2113 854 2134; x_wconf 72' lang='lat' dir='ltr'><strong>eemuueu</strong></span> 
     </span>
    </p>
   </div>
   <div class='ocr_carea' id='block_1_6' title="bbox 219 2257 1310 2521">
    <p class='ocr_par' dir='ltr' id='par_1_6' title="bbox 219 2257 1310 2521">
     <span class='ocr_line' id='line_1_18' title="bbox 219 2257 1308 2326; baseline 0.006 -16"><span class='ocrx_word' id='word_1_114' title='bbox 219 2257 283 2318; x_wconf 71' lang='lat' dir='ltr'><strong>Alit,</strong></span> <span class='ocrx_word' id='word_1_115' title='bbox 294 2260 340 2311; x_wconf 81' lang='lat' dir='ltr'><strong>oie.</strong></span> <span class='ocrx_word' id='word_1_116' title='bbox 350 2263 426 2324; x_wconf 77' lang='lat' dir='ltr'><strong>prad.</strong></span> <span class='ocrx_word' id='word_1_117' title='bbox 438 2277 467 2311; x_wconf 85' lang='lat' dir='ltr'><strong>es</strong></span> <span class='ocrx_word' id='word_1_118' title='bbox 480 2268 554 2326; x_wconf 69' lang='lat' dir='ltr'><strong>grets</strong></span> <span class='ocrx_word' id='word_1_119' title='bbox 572 2264 599 2314; x_wconf 87' lang='lat' dir='ltr'><strong>ia</strong></span> <span class='ocrx_word' id='word_1_120' title='bbox 617 2268 785 2314; x_wconf 73' lang='lat' dir='ltr'><strong>austera-1⁰</strong></span> <span class='ocrx_word' id='word_1_121' title='bbox 802 2265 845 2315; x_wconf 88' lang='lat' dir='ltr'><strong>lta</strong></span> <span class='ocrx_word' id='word_1_122' title='bbox 864 2279 896 2316; x_wconf 85' lang='lat' dir='ltr'><strong>as</strong></span> <span class='ocrx_word' id='word_1_123' title='bbox 919 2263 995 2316; x_wconf 82' lang='lat' dir='ltr'><strong>codd.</strong></span> <span class='ocrx_word' id='word_1_124' title='bbox 1007 2263 1134 2316; x_wconf 86' lang='lat' dir='ltr'><strong>Hasduio.</strong></span> <span class='ocrx_word' id='word_1_125' title='bbox 1154 2269 1181 2314; x_wconf 87' lang='lat' dir='ltr'><strong>et</strong></span> <span class='ocrx_word' id='word_1_126' title='bbox 1198 2269 1308 2316; x_wconf 86' lang='lat' dir='ltr'><strong>reeentt.</strong></span> 
     </span>
     <span class='ocr_line' id='line_1_19' title="bbox 223 2323 1310 2390; baseline 0.002 -14"><span class='ocrx_word' id='word_1_127' title='bbox 223 2327 302 2376; x_wconf 80' lang='lat' dir='ltr'><strong>Gaulo</strong></span> <span class='ocrx_word' id='word_1_128' title='bbox 313 2323 397 2376; x_wconf 82' lang='lat' dir='ltr'><strong>Clriili.</strong></span> <span class='ocrx_word' id='word_1_129' title='bbox 409 2335 435 2375; x_wconf 85' lang='lat' dir='ltr'><strong>et</strong></span> <span class='ocrx_word' id='word_1_130' title='bbox 448 2342 494 2390; x_wconf 89' lang='lat' dir='ltr'><strong>pro</strong></span> <span class='ocrx_word' id='word_1_131' title='bbox 507 2342 559 2376; x_wconf 81' lang='lat' dir='ltr'><strong>var.</strong></span> <span class='ocrx_word' id='word_1_132' title='bbox 571 2328 634 2378; x_wconf 84' lang='lat' dir='ltr'><strong>leet.</strong></span> <span class='ocrx_word' id='word_1_133' title='bbox 647 2329 729 2378; x_wconf 82' lang='lat' dir='ltr'><strong>Goaro</strong></span> <span class='ocrx_word' id='word_1_134' title='bbox 736 2344 746 2386; x_wconf 90' lang='lat'><strong>,·</strong></span> <span class='ocrx_word' id='word_1_135' title='bbox 769 2329 884 2379; x_wconf 75' lang='lat' dir='ltr'><strong>Gronov.</strong></span> <span class='ocrx_word' id='word_1_136' title='bbox 895 2336 922 2378; x_wconf 87' lang='lat' dir='ltr'><strong>et</strong></span> <span class='ocrx_word' id='word_1_137' title='bbox 932 2330 965 2378; x_wconf 88' lang='lat' dir='ltr'><strong>al.</strong></span> <span class='ocrx_word' id='word_1_138' title='bbox 977 2336 1037 2380; x_wconf 87' lang='lat' dir='ltr'><strong>aute</strong></span> <span class='ocrx_word' id='word_1_139' title='bbox 1050 2329 1176 2378; x_wconf 85' lang='lat' dir='ltr'><strong>llarduin.</strong></span> <span class='ocrx_word' id='word_1_140' title='bbox 1188 2328 1310 2378; x_wconf 83' lang='lat' dir='ltr'><strong>Gouraao.</strong></span> 
     </span>
     <span class='ocr_line' id='line_1_20' title="bbox 221 2390 1308 2456; baseline 0.003 -18"><span class='ocrx_word' id='word_1_141' title='bbox 221 2393 284 2439; x_wconf 89' lang='lat' dir='ltr'><strong>-ll</strong></span> <span class='ocrx_word' id='word_1_142' title='bbox 304 2390 396 2439; x_wconf 84' lang='lat' dir='ltr'><strong>Dalec.</strong></span> <span class='ocrx_word' id='word_1_143' title='bbox 413 2391 646 2454; x_wconf 65' lang='lat' dir='ltr'><strong>principatum-12</strong></span> <span class='ocrx_word' id='word_1_144' title='bbox 663 2391 961 2456; x_wconf 61' lang='lat' dir='ltr'><strong>balsamumque-le</strong></span> <span class='ocrx_word' id='word_1_145' title='bbox 979 2393 1022 2442; x_wconf 86' lang='lat' dir='ltr'><strong>lta</strong></span> <span class='ocrx_word' id='word_1_146' title='bbox 1031 2407 1062 2442; x_wconf 86' lang='lat' dir='ltr'><strong>ea</strong></span> <span class='ocrx_word' id='word_1_147' title='bbox 1075 2391 1150 2441; x_wconf 88' lang='lat' dir='ltr'><strong>codd.</strong></span> <span class='ocrx_word' id='word_1_148' title='bbox 1160 2391 1308 2442; x_wconf 78' lang='lat' dir='ltr'><strong>lietduinus</strong></span> 
     </span>
     <span class='ocr_line' id='line_1_21' title="bbox 220 2453 1308 2521; baseline 0.002 -19"><span class='ocrx_word' id='word_1_149' title='bbox 220 2459 249 2502; x_wconf 83' lang='lat' dir='ltr'><strong>et</strong></span> <span class='ocrx_word' id='word_1_150' title='bbox 261 2462 372 2505; x_wconf 85' lang='lat' dir='ltr'><strong>receutt.</strong></span> <span class='ocrx_word' id='word_1_151' title='bbox 393 2454 423 2504; x_wconf 77' lang='lat' dir='ltr'><strong>Et</strong></span> <span class='ocrx_word' id='word_1_152' title='bbox 436 2456 484 2504; x_wconf 82' lang='lat' dir='ltr'><strong>olis</strong></span> <span class='ocrx_word' id='word_1_153' title='bbox 495 2456 583 2505; x_wconf 77' lang='lat' dir='ltr'><strong>eiciaris</strong></span> <span class='ocrx_word' id='word_1_154' title='bbox 594 2453 678 2506; x_wconf 89' lang='lat' dir='ltr'><strong>Cbilil.</strong></span> <span class='ocrx_word' id='word_1_155' title='bbox 706 2457 746 2506; x_wconf 82' lang='lat' dir='ltr'><strong>Es</strong></span> <span class='ocrx_word' id='word_1_156' title='bbox 756 2456 805 2505; x_wconf 88' lang='lat' dir='ltr'><strong>olio</strong></span> <span class='ocrx_word' id='word_1_157' title='bbox 815 2457 903 2506; x_wconf 68' lang='lat' dir='ltr'><strong>sicima</strong></span> <span class='ocrx_word' id='word_1_158' title='bbox 915 2457 1028 2506; x_wconf 81' lang='lat' dir='ltr'><strong>Gronov.</strong></span> <span class='ocrx_word' id='word_1_159' title='bbox 1038 2463 1066 2505; x_wconf 89' lang='lat' dir='ltr'><strong>et</strong></span> <span class='ocrx_word' id='word_1_160' title='bbox 1077 2463 1142 2505; x_wconf 83' lang='lat' dir='ltr'><strong>vett.</strong></span> <span class='ocrx_word' id='word_1_161' title='bbox 1169 2457 1242 2521; x_wconf 83' lang='lat' dir='ltr'><strong>Mos,</strong></span> <span class='ocrx_word' id='word_1_162' title='bbox 1251 2456 1308 2507; x_wconf 87' lang='lat' dir='ltr'><strong>tod.</strong></span> 
     </span>
    </p>
   </div>
   <div class='ocr_carea' id='block_1_7' title="bbox 711 2633 819 2686">
    <p class='ocr_par' dir='ltr' id='par_1_7' title="bbox 711 2633 819 2686">
     <span class='ocr_line' id='line_1_22' title="bbox 711 2633 819 2686; baseline -0.009 0"><span class='ocrx_word' id='word_1_163' title='bbox 711 2633 819 2686; x_wconf 75' lang='grc' dir='ltr'><strong>ΝΟΊῈ</strong></span> 
     </span>
    </p>
   </div>
   <div class='ocr_carea' id='block_1_8' title="bbox 212 2727 1313 3778">
    <p class='ocr_par' dir='ltr' id='par_1_8' title="bbox 218 2727 1311 3096">
     <span class='ocr_line' id='line_1_23' title="bbox 249 2727 1309 2794; baseline 0.004 -16"><span class='ocrx_word' id='word_1_164' title='bbox 249 2727 264 2763; x_wconf 69' lang='lat'>⁸</span> <span class='ocrx_word' id='word_1_165' title='bbox 281 2727 396 2792; x_wconf 81' lang='lat' dir='ltr'><strong>Voppors]</strong></span> <span class='ocrx_word' id='word_1_166' title='bbox 410 2729 506 2779; x_wconf 82' lang='lat' dir='ltr'><strong>Vinum</strong></span> <span class='ocrx_word' id='word_1_167' title='bbox 517 2735 675 2794; x_wconf 67' lang='lat' dir='ltr'><strong>remoratum,</strong></span> <span class='ocrx_word' id='word_1_168' title='bbox 686 2730 747 2780; x_wconf 85' lang='lat' dir='ltr'><strong>sub·</strong></span> <span class='ocrx_word' id='word_1_169' title='bbox 783 2744 848 2780; x_wconf 86' lang='lat' dir='ltr'><strong>mus.</strong></span> <span class='ocrx_word' id='word_1_170' title='bbox 880 2730 1007 2780; x_wconf 59' lang='lat' dir='ltr'><strong>mudule</strong></span> <span class='ocrx_word' id='word_1_171' title='bbox 1023 2727 1083 2780; x_wconf 68' lang='lat' dir='ltr'><strong>oleos</strong></span> <span class='ocrx_word' id='word_1_172' title='bbox 1098 2730 1223 2783; x_wconf 78' lang='lat' dir='ltr'><strong>Atbeaoeo</strong></span> <span class='ocrx_word' id='word_1_173' title='bbox 1233 2733 1278 2784; x_wconf 85' lang='lat' dir='ltr'><strong>llb.</strong></span> <span class='ocrx_word' id='word_1_174' title='bbox 1289 2747 1309 2782; x_wconf 87' lang='lat' dir='ltr'><strong>r.</strong></span> 
     </span>
     <span class='ocr_line' id='line_1_24' title="bbox 220 2805 1310 2869; baseline 0.004 -17"><span class='ocrx_word' id='word_1_175' title='bbox 220 2805 364 2868; x_wconf 86' lang='lat' dir='ltr'><strong>leatnmque</strong></span> <span class='ocrx_word' id='word_1_176' title='bbox 382 2819 476 2856; x_wconf 81' lang='lat' dir='ltr'><strong>vexes</strong></span> <span class='ocrx_word' id='word_1_177' title='bbox 492 2813 581 2856; x_wconf 82' lang='lat' dir='ltr'><strong>sonat:</strong></span> <span class='ocrx_word' id='word_1_178' title='bbox 598 2807 639 2856; x_wconf 80' lang='lat' dir='ltr'><strong>aia</strong></span> <span class='ocrx_word' id='word_1_179' title='bbox 655 2805 746 2869; x_wconf 70' lang='lat' dir='ltr'><strong>posui,</strong></span> <span class='ocrx_word' id='word_1_180' title='bbox 784 2820 812 2869; x_wconf 88' lang='lat' dir='ltr'><strong>p.</strong></span> <span class='ocrx_word' id='word_1_181' title='bbox 828 2809 869 2854; x_wconf 73' lang='grc'><strong>27.</strong></span> <span class='ocrx_word' id='word_1_182' title='bbox 902 2807 937 2854; x_wconf 82' lang='lat' dir='ltr'><strong>Et</strong></span> <span class='ocrx_word' id='word_1_183' title='bbox 955 2805 1093 2855; x_wconf 81' lang='lat' dir='ltr'><strong>Privernas</strong></span> <span class='ocrx_word' id='word_1_184' title='bbox 1110 2819 1180 2868; x_wconf 66' lang='lat' dir='ltr'><strong>ager,</strong></span> <span class='ocrx_word' id='word_1_185' title='bbox 1196 2813 1224 2855; x_wconf 87' lang='lat' dir='ltr'><strong>et</strong></span> <span class='ocrx_word' id='word_1_186' title='bbox 1240 2808 1310 2856; x_wconf 86' lang='lat' dir='ltr'><strong>Veli-</strong></span> 
     </span>
     <span class='ocr_line' id='line_1_25' title="bbox 218 2878 1310 2944; baseline 0.004 -16"><span class='ocrx_word' id='word_1_187' title='bbox 218 2879 258 2928; x_wconf 83' lang='lat' dir='ltr'><strong>ais</strong></span> <span class='ocrx_word' id='word_1_188' title='bbox 278 2880 369 2930; x_wconf 68' lang='lat' dir='ltr'><strong>toarni.</strong></span> <span class='ocrx_word' id='word_1_189' title='bbox 402 2881 527 2932; x_wconf 85' lang='lat' dir='ltr'><strong>Horatios</strong></span> <span class='ocrx_word' id='word_1_190' title='bbox 547 2895 567 2930; x_wconf 90' lang='grc' dir='ltr'><strong>ι.</strong></span> <span class='ocrx_word' id='word_1_191' title='bbox 583 2881 637 2931; x_wconf 79' lang='lat' dir='ltr'><strong>Sat.</strong></span> <span class='ocrx_word' id='word_1_192' title='bbox 659 2887 683 2931; x_wconf 75' lang='grc' dir='ltr'><strong>ι.</strong></span> <span class='ocrx_word' id='word_1_193' title='bbox 706 2885 745 2931; x_wconf 83' lang='lat' dir='ltr'><strong>ld.</strong></span> <span class='ocrx_word' id='word_1_194' title='bbox 784 2881 909 2942; x_wconf 75' lang='lat' dir='ltr'><strong>tetuinus,</strong></span> <span class='ocrx_word' id='word_1_195' title='bbox 931 2881 1057 2944; x_wconf 83' lang='lat' dir='ltr'><strong>hodieque</strong></span> <span class='ocrx_word' id='word_1_196' title='bbox 1076 2879 1128 2929; x_wconf 86' lang='lat' dir='ltr'><strong>riui</strong></span> <span class='ocrx_word' id='word_1_197' title='bbox 1144 2878 1225 2938; x_wconf 79' lang='lat' dir='ltr'><strong>ferax,</strong></span> <span class='ocrx_word' id='word_1_198' title='bbox 1242 2888 1310 2932; x_wconf 85' lang='lat' dir='ltr'><strong>testa</strong></span> 
     </span>
     <span class='ocr_line' id='line_1_26' title="bbox 218 2955 1311 3018; baseline 0.002 -14"><span class='ocrx_word' id='word_1_199' title='bbox 218 2955 380 3006; x_wconf 74' lang='lat' dir='ltr'><strong>‘Absentem</strong></span> <span class='ocrx_word' id='word_1_200' title='bbox 408 2961 497 3006; x_wconf 83' lang='lat' dir='ltr'><strong>cantat</strong></span> <span class='ocrx_word' id='word_1_201' title='bbox 524 2957 631 3007; x_wconf 83' lang='lat' dir='ltr'><strong>amlearn</strong></span> <span class='ocrx_word' id='word_1_202' title='bbox 658 2956 745 3007; x_wconf 83' lang='lat' dir='ltr'><strong>Multa</strong></span> <span class='ocrx_word' id='word_1_203' title='bbox 785 2955 881 3005; x_wconf 84' lang='lat' dir='ltr'><strong>Bseeio</strong></span> <span class='ocrx_word' id='word_1_204' title='bbox 898 2955 990 3006; x_wconf 78' lang='lat' dir='ltr'><strong>libus.</strong></span> <span class='ocrx_word' id='word_1_205' title='bbox 1007 2958 1103 3018; x_wconf 60' lang='lat' dir='ltr'><strong>petel.</strong></span> <span class='ocrx_word' id='word_1_206' title='bbox 1119 2963 1147 3004; x_wconf 89' lang='lat' dir='ltr'><strong>ot</strong></span> <span class='ocrx_word' id='word_1_207' title='bbox 1162 2959 1219 3004; x_wconf 70' lang='lat'><strong>²8⁹.</strong></span> <span class='ocrx_word' id='word_1_208' title='bbox 1251 2957 1311 3006; x_wconf 81' lang='lat' dir='ltr'><strong>Pel·</strong></span> 
     </span>
     <span class='ocr_line' id='line_1_27' title="bbox 219 3030 1309 3096; baseline 0.004 -18"><span class='ocrx_word' id='word_1_209' title='bbox 219 3031 336 3092; x_wconf 81' lang='lat' dir='ltr'><strong>prelatos</strong></span> <span class='ocrx_word' id='word_1_210' title='bbox 349 3043 433 3094; x_wconf 83' lang='lat' dir='ltr'><strong>eappa</strong></span> <span class='ocrx_word' id='word_1_211' title='bbox 444 3030 540 3082; x_wconf 70' lang='lat' dir='ltr'><strong>nauta:</strong></span> <span class='ocrx_word' id='word_1_212' title='bbox 783 3031 900 3080; x_wconf 77' lang='lat' dir='ltr'><strong>vereatis</strong></span> <span class='ocrx_word' id='word_1_213' title='bbox 921 3030 1086 3080; x_wconf 78' lang='lat' dir='ltr'><strong>commendat</strong></span> <span class='ocrx_word' id='word_1_214' title='bbox 1105 3030 1221 3081; x_wconf 81' lang='lat' dir='ltr'><strong>Galenus</strong></span> <span class='ocrx_word' id='word_1_215' title='bbox 1240 3033 1309 3096; x_wconf 86' lang='lat' dir='ltr'><strong>apud</strong></span> 
     </span>
    </p>

    <p class='ocr_par' dir='ltr' id='par_1_9' title="bbox 212 3105 1311 3471">
     <span class='ocr_line' id='line_1_28' title="bbox 251 3105 1055 3171; baseline 0.004 -18"><span class='ocrx_word' id='word_1_216' title='bbox 251 3112 262 3139; x_wconf 81' lang='lat'>⁸</span> <span class='ocrx_word' id='word_1_217' title='bbox 280 3106 391 3171; x_wconf 68' lang='lat' dir='ltr'><strong>Censet]</strong></span> <span class='ocrx_word' id='word_1_218' title='bbox 408 3107 448 3156; x_wconf 86' lang='lat' dir='ltr'><strong>De</strong></span> <span class='ocrx_word' id='word_1_219' title='bbox 469 3107 546 3156; x_wconf 84' lang='lat' dir='ltr'><strong>tertia</strong></span> <span class='ocrx_word' id='word_1_220' title='bbox 574 3110 667 3169; x_wconf 83' lang='lat' dir='ltr'><strong>palma,</strong></span> <span class='ocrx_word' id='word_1_221' title='bbox 691 3107 745 3156; x_wconf 81' lang='lat' dir='ltr'><strong>sies</strong></span> <span class='ocrx_word' id='word_1_222' title='bbox 783 3105 879 3156; x_wconf 74' lang='lat' dir='ltr'><strong>Athen.</strong></span> <span class='ocrx_word' id='word_1_223' title='bbox 890 3106 933 3156; x_wconf 88' lang='lat' dir='ltr'><strong>lib.</strong></span> <span class='ocrx_word' id='word_1_224' title='bbox 945 3120 965 3156; x_wconf 88' lang='lat'><strong>1.</strong></span> <span class='ocrx_word' id='word_1_225' title='bbox 976 3121 1004 3170; x_wconf 90' lang='lat' dir='ltr'><strong>p.</strong></span> <span class='ocrx_word' id='word_1_226' title='bbox 1013 3110 1055 3156; x_wconf 72' lang='lat' dir='ltr'><strong>dd.</strong></span> 
     </span>
     <span class='ocr_line' id='line_1_29' title="bbox 218 3179 1311 3249; baseline 0.004 -19"><span class='ocrx_word' id='word_1_227' title='bbox 218 3181 350 3232; x_wconf 75' lang='lat' dir='ltr'><strong>detentio</strong></span> <span class='ocrx_word' id='word_1_228' title='bbox 371 3181 513 3231; x_wconf 79' lang='lat' dir='ltr'><strong>nobilitatis</strong></span> <span class='ocrx_word' id='word_1_229' title='bbox 534 3182 616 3244; x_wconf 72' lang='lat' dir='ltr'><strong>gradu</strong></span> <span class='ocrx_word' id='word_1_230' title='bbox 643 3187 745 3232; x_wconf 79' lang='lat' dir='ltr'><strong>certant</strong></span> <span class='ocrx_word' id='word_1_231' title='bbox 814 3179 1032 3243; x_wconf 56' lang='lat' dir='ltr'><strong>mandibula]</strong></span> <span class='ocrx_word' id='word_1_232' title='bbox 1050 3181 1179 3232; x_wconf 79' lang='lat' dir='ltr'><strong>Martialis</strong></span> <span class='ocrx_word' id='word_1_233' title='bbox 1199 3197 1311 3249; x_wconf 86' lang='lat' dir='ltr'><strong>quoqne,</strong></span> 
     </span>
     <span class='ocr_line' id='line_1_30' title="bbox 219 3256 1311 3322; baseline 0 -15"><span class='ocrx_word' id='word_1_234' title='bbox 219 3272 276 3307; x_wconf 84' lang='lat' dir='ltr'><strong>eom</strong></span> <span class='ocrx_word' id='word_1_235' title='bbox 294 3257 400 3309; x_wconf 86' lang='lat' dir='ltr'><strong>Albanis</strong></span> <span class='ocrx_word' id='word_1_236' title='bbox 417 3256 539 3309; x_wconf 83' lang='lat' dir='ltr'><strong>blasslea&#39;.</strong></span> <span class='ocrx_word' id='word_1_237' title='bbox 573 3258 674 3308; x_wconf 81' lang='lat' dir='ltr'><strong>Laudat</strong></span> <span class='ocrx_word' id='word_1_238' title='bbox 692 3259 746 3308; x_wconf 90' lang='lat' dir='ltr'><strong>llo·</strong></span> <span class='ocrx_word' id='word_1_239' title='bbox 787 3271 850 3308; x_wconf 82' lang='lat' dir='ltr'><strong>saar.</strong></span> <span class='ocrx_word' id='word_1_240' title='bbox 868 3263 923 3308; x_wconf 84' lang='lat' dir='ltr'><strong>lltl.</strong></span> <span class='ocrx_word' id='word_1_241' title='bbox 956 3257 1084 3308; x_wconf 85' lang='lat' dir='ltr'><strong>‘Potabis</strong></span> <span class='ocrx_word' id='word_1_242' title='bbox 1107 3257 1230 3320; x_wconf 87' lang='lat' dir='ltr'><strong>liquidum</strong></span> <span class='ocrx_word' id='word_1_243' title='bbox 1254 3261 1311 3322; x_wconf 72' lang='lat' dir='ltr'><strong>dig-</strong></span> 
     </span>
     <span class='ocr_line' id='line_1_31' title="bbox 212 3333 1311 3400; baseline 0.003 -20"><span class='ocrx_word' id='word_1_244' title='bbox 212 3333 300 3382; x_wconf 64' lang='lat' dir='ltr'><strong>«netas</strong></span> <span class='ocrx_word' id='word_1_245' title='bbox 312 3349 331 3386; x_wconf 90' lang='lat' dir='ltr'><strong>r.</strong></span> <span class='ocrx_word' id='word_1_246' title='bbox 342 3335 394 3386; x_wconf 89' lang='lat' dir='ltr'><strong>Od.</strong></span> <span class='ocrx_word' id='word_1_247' title='bbox 408 3339 430 3386; x_wconf 89' lang='lat'><strong>1.</strong></span> <span class='ocrx_word' id='word_1_248' title='bbox 448 3335 563 3386; x_wconf 75' lang='lat' dir='ltr'><strong>‘veteris</strong></span> <span class='ocrx_word' id='word_1_249' title='bbox 574 3335 668 3400; x_wconf 85' lang='lat' dir='ltr'><strong>poeula</strong></span> <span class='ocrx_word' id='word_1_250' title='bbox 678 3335 747 3385; x_wconf 85' lang='lat' dir='ltr'><strong>Mas·</strong></span> <span class='ocrx_word' id='word_1_251' title='bbox 785 3335 847 3383; x_wconf 84' lang='lat' dir='ltr'><strong>olna</strong></span> <span class='ocrx_word' id='word_1_252' title='bbox 857 3334 984 3382; x_wconf 83' lang='lat' dir='ltr'><strong>morantis</strong></span> <span class='ocrx_word' id='word_1_253' title='bbox 995 3338 1129 3381; x_wconf 78' lang='lat' dir='ltr'><strong>ventrem:</strong></span> <span class='ocrx_word' id='word_1_254' title='bbox 1148 3333 1190 3381; x_wconf 84' lang='lat' dir='ltr'><strong>Na</strong></span> <span class='ocrx_word' id='word_1_255' title='bbox 1206 3333 1311 3383; x_wconf 85' lang='lat' dir='ltr'><strong>nimium</strong></span> 
     </span>
     <span class='ocr_line' id='line_1_32' title="bbox 219 3406 1311 3471; baseline 0.002 -15"><span class='ocrx_word' id='word_1_256' title='bbox 219 3407 286 3457; x_wconf 88' lang='lat' dir='ltr'><strong>siel.&#39;</strong></span> <span class='ocrx_word' id='word_1_257' title='bbox 786 3410 933 3470; x_wconf 84' lang='lat' dir='ltr'><strong>alatant‚alt</strong></span> <span class='ocrx_word' id='word_1_258' title='bbox 949 3409 997 3458; x_wconf 78' lang='lat' dir='ltr'><strong>tibi</strong></span> <span class='ocrx_word' id='word_1_259' title='bbox 1016 3419 1095 3471; x_wconf 83' lang='lat' dir='ltr'><strong>parea</strong></span> <span class='ocrx_word' id='word_1_260' title='bbox 1113 3406 1188 3457; x_wconf 86' lang='lat' dir='ltr'><strong>aitis.’</strong></span> <span class='ocrx_word' id='word_1_261' title='bbox 1220 3408 1311 3460; x_wconf 85' lang='lat' dir='ltr'><strong>Celsus</strong></span> 
     </span>
    </p>

    <p class='ocr_par' dir='ltr' id='par_1_10' title="bbox 219 3481 1313 3703">
     <span class='ocr_line' id='line_1_33' title="bbox 252 3481 1313 3549; baseline 0 -16"><span class='ocrx_word' id='word_1_262' title='bbox 252 3481 316 3533; x_wconf 73' lang='lat' dir='ltr'><strong>&#39;Es</strong></span> <span class='ocrx_word' id='word_1_263' title='bbox 340 3493 417 3536; x_wconf 75' lang='lat' dir='ltr'><strong>moute</strong></span> <span class='ocrx_word' id='word_1_264' title='bbox 443 3484 536 3549; x_wconf 75' lang='lat' dir='ltr'><strong>Gerre]</strong></span> <span class='ocrx_word' id='word_1_265' title='bbox 570 3485 629 3537; x_wconf 84' lang='lat' dir='ltr'><strong>ileu</strong></span> <span class='ocrx_word' id='word_1_266' title='bbox 656 3491 705 3549; x_wconf 86' lang='lat' dir='ltr'><strong>est,</strong></span> <span class='ocrx_word' id='word_1_267' title='bbox 731 3499 747 3535; x_wconf 86' lang='lat' dir='ltr'><strong>e</strong></span> <span class='ocrx_word' id='word_1_268' title='bbox 786 3485 935 3535; x_wconf 65' lang='lat' dir='ltr'><strong>iteorrud.</strong></span> <span class='ocrx_word' id='word_1_269' title='bbox 949 3482 980 3533; x_wconf 90' lang='lat' dir='ltr'><strong>ad</strong></span> <span class='ocrx_word' id='word_1_270' title='bbox 998 3483 1313 3535; x_wconf 82' lang='lat' dir='ltr'><strong>resolutionematomaelrl</strong></span> 
     </span>
     <span class='ocr_line' id='line_1_34' title="bbox 219 3557 1311 3622; baseline -0.001 -12"><span class='ocrx_word' id='word_1_271' title='bbox 219 3561 430 3612; x_wconf 75' lang='lat' dir='ltr'><strong>monteblsuieo</strong></span> <span class='ocrx_word' id='word_1_272' title='bbox 441 3563 466 3612; x_wconf 86' lang='lat' dir='ltr'><strong>iu</strong></span> <span class='ocrx_word' id='word_1_273' title='bbox 478 3562 628 3612; x_wconf 80' lang='lat' dir='ltr'><strong>Gauranum</strong></span> <span class='ocrx_word' id='word_1_274' title='bbox 639 3563 748 3612; x_wconf 80' lang='lat' dir='ltr'><strong>transla-</strong></span> <span class='ocrx_word' id='word_1_275' title='bbox 786 3559 947 3616; x_wconf 84' lang='lat' dir='ltr'><strong>medendam,</strong></span> <span class='ocrx_word' id='word_1_276' title='bbox 964 3558 1049 3608; x_wconf 86' lang='lat' dir='ltr'><strong>sinum</strong></span> <span class='ocrx_word' id='word_1_277' title='bbox 1067 3557 1200 3622; x_wconf 75' lang='lat' dir='ltr'><strong>Signinum</strong></span> <span class='ocrx_word' id='word_1_278' title='bbox 1220 3561 1254 3609; x_wconf 85' lang='lat' dir='ltr'><strong>ob</strong></span> <span class='ocrx_word' id='word_1_279' title='bbox 1273 3561 1311 3610; x_wconf 84' lang='lat' dir='ltr'><strong>ln·</strong></span> 
     </span>
     <span class='ocr_line' id='line_1_35' title="bbox 220 3634 1312 3703; baseline 0.004 -20"><span class='ocrx_word' id='word_1_280' title='bbox 220 3634 254 3684; x_wconf 89' lang='lat' dir='ltr'><strong>tis</strong></span> <span class='ocrx_word' id='word_1_281' title='bbox 267 3635 363 3685; x_wconf 85' lang='lat' dir='ltr'><strong>vitibus</strong></span> <span class='ocrx_word' id='word_1_282' title='bbox 374 3636 432 3686; x_wconf 81' lang='lat' dir='ltr'><strong>rina</strong></span> <span class='ocrx_word' id='word_1_283' title='bbox 443 3651 574 3703; x_wconf 76' lang='lat' dir='ltr'><strong>expressa.</strong></span> <span class='ocrx_word' id='word_1_284' title='bbox 786 3637 883 3700; x_wconf 76' lang='lat' dir='ltr'><strong>signem</strong></span> <span class='ocrx_word' id='word_1_285' title='bbox 920 3635 1097 3686; x_wconf 78' lang='lat' dir='ltr'><strong>austeritatem</strong></span> <span class='ocrx_word' id='word_1_286' title='bbox 1140 3636 1312 3687; x_wconf 78' lang='lat' dir='ltr'><strong>commendat.</strong></span> 
     </span>
    </p>

    <p class='ocr_par' dir='ltr' id='par_1_11' title="bbox 251 3701 1311 3778">
     <span class='ocr_line' id='line_1_36' title="bbox 251 3701 1311 3778; baseline 0.001 -19"><span class='ocrx_word' id='word_1_287' title='bbox 251 3701 547 3774; x_wconf 63' lang='lat' dir='ltr'><strong>respersimus</strong></span> <span class='ocrx_word' id='word_1_288' title='bbox 565 3712 673 3777; x_wconf 82' lang='lat' dir='ltr'><strong>primaru</strong></span> <span class='ocrx_word' id='word_1_289' title='bbox 691 3714 746 3776; x_wconf 89' lang='lat' dir='ltr'><strong>pal·</strong></span> <span class='ocrx_word' id='word_1_290' title='bbox 786 3711 924 3778; x_wconf 83' lang='lat' dir='ltr'><strong>Hodieque</strong></span> <span class='ocrx_word' id='word_1_291' title='bbox 945 3725 975 3761; x_wconf 88' lang='lat' dir='ltr'><strong>ea</strong></span> <span class='ocrx_word' id='word_1_292' title='bbox 997 3713 1033 3762; x_wconf 81' lang='lat' dir='ltr'><strong>eis</strong></span> <span class='ocrx_word' id='word_1_293' title='bbox 1053 3711 1077 3760; x_wconf 87' lang='lat' dir='ltr'><strong>ei</strong></span> <span class='ocrx_word' id='word_1_294' title='bbox 1094 3711 1153 3760; x_wconf 84' lang='lat' dir='ltr'><strong>vloo</strong></span> <span class='ocrx_word' id='word_1_295' title='bbox 1174 3719 1223 3773; x_wconf 84' lang='lat' dir='ltr'><strong>est,</strong></span> <span class='ocrx_word' id='word_1_296' title='bbox 1243 3715 1311 3760; x_wconf 88' lang='lat' dir='ltr'><strong>teste</strong></span> 
     </span>
    </p>
   </div>
   <div class='ocr_carea' id='block_1_9' title="bbox 120 3786 1311 3852">
    <p class='ocr_par' dir='ltr' id='par_1_12' title="bbox 120 3786 1311 3852">
     <span class='ocr_line' id='line_1_37' title="bbox 120 3786 1311 3852; baseline 0.003 -18"><span class='ocrx_word' id='word_1_297' title='bbox 120 3821 154 3832; x_wconf 92' lang='lat'><strong>..</strong></span> <span class='ocrx_word' id='word_1_298' title='bbox 221 3797 304 3834; x_wconf 87' lang='lat' dir='ltr'><strong>maru:</strong></span> <span class='ocrx_word' id='word_1_299' title='bbox 322 3792 352 3836; x_wconf 92' lang='lat' dir='ltr'><strong>ut</strong></span> <span class='ocrx_word' id='word_1_300' title='bbox 369 3789 463 3838; x_wconf 81' lang='lat' dir='ltr'><strong>ceteris</strong></span> <span class='ocrx_word' id='word_1_301' title='bbox 482 3787 599 3837; x_wconf 83' lang='lat' dir='ltr'><strong>omnibus</strong></span> <span class='ocrx_word' id='word_1_302' title='bbox 608 3788 745 3852; x_wconf 67' lang='lat' dir='ltr'><strong>generibus</strong></span> <span class='ocrx_word' id='word_1_303' title='bbox 785 3789 883 3841; x_wconf 85' lang='lat' dir='ltr'><strong>Baeeio</strong></span> <span class='ocrx_word' id='word_1_304' title='bbox 894 3789 939 3838; x_wconf 91' lang='lat' dir='ltr'><strong>lib.</strong></span> <span class='ocrx_word' id='word_1_305' title='bbox 951 3803 990 3838; x_wconf 84' lang='lat' dir='ltr'><strong>rr.</strong></span> <span class='ocrx_word' id='word_1_306' title='bbox 1002 3802 1028 3852; x_wconf 91' lang='lat' dir='ltr'><strong>p.</strong></span> <span class='ocrx_word' id='word_1_307' title='bbox 1040 3791 1097 3836; x_wconf 73' lang='lat'><strong>289·</strong></span> <span class='ocrx_word' id='word_1_308' title='bbox 1128 3786 1239 3835; x_wconf 84' lang='lat' dir='ltr'><strong>Videat</strong></span> <span class='ocrx_word' id='word_1_309' title='bbox 1256 3787 1311 3838; x_wconf 72' lang='lat' dir='ltr'><strong>Ca·</strong></span> 
     </span>
    </p>
   </div>
   <div class='ocr_carea' id='block_1_10' title="bbox 220 3864 1312 4229">
    <p class='ocr_par' dir='ltr' id='par_1_13' title="bbox 220 3864 1312 4229">
     <span class='ocr_line' id='line_1_38' title="bbox 220 3864 1031 3926; baseline 0.002 -16"><span class='ocrx_word' id='word_1_310' title='bbox 220 3869 448 3926; x_wconf 79' lang='lat' dir='ltr'><strong>anteponerentur.</strong></span> <span class='ocrx_word' id='word_1_311' title='bbox 785 3864 846 3914; x_wconf 87' lang='lat' dir='ltr'><strong>llum</strong></span> <span class='ocrx_word' id='word_1_312' title='bbox 858 3864 947 3914; x_wconf 79' lang='lat' dir='ltr'><strong>Aurei.</strong></span> <span class='ocrx_word' id='word_1_313' title='bbox 958 3879 996 3914; x_wconf 82' lang='lat' dir='ltr'><strong>av.</strong></span> <span class='ocrx_word' id='word_1_314' title='bbox 1008 3868 1031 3912; x_wconf 71' lang='lat' dir='ltr'><strong>a.</strong></span> 
     </span>
     <span class='ocr_line' id='line_1_39' title="bbox 252 3935 1312 4002; baseline 0.002 -18"><span class='ocrx_word' id='word_1_315' title='bbox 252 3935 382 3999; x_wconf 63' lang='lat' dir='ltr'><strong>ecquae]</strong></span> <span class='ocrx_word' id='word_1_316' title='bbox 409 3937 449 3985; x_wconf 76' lang='lat' dir='ltr'><strong>Ab</strong></span> <span class='ocrx_word' id='word_1_317' title='bbox 468 3935 564 4000; x_wconf 88' lang='lat' dir='ltr'><strong>oppido</strong></span> <span class='ocrx_word' id='word_1_318' title='bbox 587 3939 746 4002; x_wconf 71' lang='lat' dir='ltr'><strong>cognomine,</strong></span> <span class='ocrx_word' id='word_1_319' title='bbox 817 3937 976 3999; x_wconf 66' lang='lat' dir='ltr'><strong>loannem]</strong></span> <span class='ocrx_word' id='word_1_320' title='bbox 1000 3937 1126 3986; x_wconf 77' lang='lat' dir='ltr'><strong>Quartum</strong></span> <span class='ocrx_word' id='word_1_321' title='bbox 1153 3935 1312 3986; x_wconf 82' lang='lat' dir='ltr'><strong>auctorltstis</strong></span> 
     </span>
     <span class='ocr_line' id='line_1_40' title="bbox 221 4008 1312 4075; baseline 0 -13"><span class='ocrx_word' id='word_1_322' title='bbox 221 4011 254 4062; x_wconf 83' lang='lat' dir='ltr'><strong>da</strong></span> <span class='ocrx_word' id='word_1_323' title='bbox 267 4027 318 4075; x_wconf 85' lang='lat' dir='ltr'><strong>qao</strong></span> <span class='ocrx_word' id='word_1_324' title='bbox 330 4012 440 4062; x_wconf 80' lang='lat' dir='ltr'><strong>diximus</strong></span> <span class='ocrx_word' id='word_1_325' title='bbox 451 4021 495 4061; x_wconf 89' lang='grc' dir='ltr'><strong>ιιι.</strong></span> <span class='ocrx_word' id='word_1_326' title='bbox 507 4015 532 4060; x_wconf 80' lang='grc'><strong>9.</strong></span> <span class='ocrx_word' id='word_1_327' title='bbox 786 4025 817 4062; x_wconf 84' lang='lat' dir='ltr'><strong>aa</strong></span> <span class='ocrx_word' id='word_1_328' title='bbox 827 4012 967 4061; x_wconf 84' lang='lat' dir='ltr'><strong>nobilitatis</strong></span> <span class='ocrx_word' id='word_1_329' title='bbox 985 4010 1082 4059; x_wconf 80' lang='lat' dir='ltr'><strong>locutu:</strong></span> <span class='ocrx_word' id='word_1_330' title='bbox 1099 4008 1132 4058; x_wconf 87' lang='lat' dir='ltr'><strong>ab</strong></span> <span class='ocrx_word' id='word_1_331' title='bbox 1144 4011 1238 4073; x_wconf 75' lang='lat' dir='ltr'><strong>aurigis</strong></span> <span class='ocrx_word' id='word_1_332' title='bbox 1249 4011 1312 4063; x_wconf 86' lang='lat' dir='ltr'><strong>due·</strong></span> 
     </span>
     <span class='ocr_line' id='line_1_41' title="bbox 253 4083 1311 4152; baseline 0.001 -14"><span class='ocrx_word' id='word_1_333' title='bbox 253 4088 260 4122; x_wconf 84' lang='lat'><strong>¹</strong></span> <span class='ocrx_word' id='word_1_334' title='bbox 276 4085 404 4150; x_wconf 68' lang='lat' dir='ltr'><strong>Fundano]</strong></span> <span class='ocrx_word' id='word_1_335' title='bbox 421 4087 509 4137; x_wconf 75' lang='lat' dir='ltr'><strong>danis</strong></span> <span class='ocrx_word' id='word_1_336' title='bbox 519 4097 628 4151; x_wconf 80' lang='lat' dir='ltr'><strong>quaque</strong></span> <span class='ocrx_word' id='word_1_337' title='bbox 645 4084 747 4150; x_wconf 81' lang='lat' dir='ltr'><strong>oppidis</strong></span> <span class='ocrx_word' id='word_1_338' title='bbox 787 4093 814 4136; x_wconf 85' lang='lat' dir='ltr'><strong>ts</strong></span> <span class='ocrx_word' id='word_1_339' title='bbox 825 4087 984 4151; x_wconf 84' lang='lat' dir='ltr'><strong>metaphora,</strong></span> <span class='ocrx_word' id='word_1_340' title='bbox 995 4085 1038 4152; x_wconf 89' lang='lat' dir='ltr'><strong>qui</strong></span> <span class='ocrx_word' id='word_1_341' title='bbox 1049 4095 1125 4136; x_wconf 83' lang='lat' dir='ltr'><strong>curro</strong></span> <span class='ocrx_word' id='word_1_342' title='bbox 1134 4083 1160 4136; x_wconf 88' lang='lat' dir='ltr'><strong>iu</strong></span> <span class='ocrx_word' id='word_1_343' title='bbox 1169 4087 1247 4139; x_wconf 82' lang='lat' dir='ltr'><strong>Circo</strong></span> <span class='ocrx_word' id='word_1_344' title='bbox 1256 4101 1311 4139; x_wconf 81' lang='lat' dir='ltr'><strong>aar·</strong></span> 
     </span>
     <span class='ocr_line' id='line_1_42' title="bbox 221 4161 886 4229; baseline 0 -15"><span class='ocrx_word' id='word_1_345' title='bbox 221 4163 416 4229; x_wconf 57' lang='lat' dir='ltr'><strong>agnominata:</strong></span> <span class='ocrx_word' id='word_1_346' title='bbox 433 4162 465 4214; x_wconf 89' lang='lat' dir='ltr'><strong>de</strong></span> <span class='ocrx_word' id='word_1_347' title='bbox 476 4161 569 4228; x_wconf 86' lang='lat' dir='ltr'><strong>quibas</strong></span> <span class='ocrx_word' id='word_1_348' title='bbox 580 4161 625 4215; x_wconf 82' lang='lat' dir='ltr'><strong>lib.</strong></span> <span class='ocrx_word' id='word_1_349' title='bbox 636 4173 682 4214; x_wconf 85' lang='grc' dir='ltr'><strong>ιιι.</strong></span> <span class='ocrx_word' id='word_1_350' title='bbox 694 4161 747 4225; x_wconf 68' lang='grc' dir='ltr'><strong>ιιι·</strong></span> <span class='ocrx_word' id='word_1_351' title='bbox 787 4161 886 4214; x_wconf 82' lang='lat' dir='ltr'><strong>tabant.</strong></span> 
     </span>
    </p>
   </div>
   <div class='ocr_carea' id='block_1_11' title="bbox 0 0 1582 4886">
    <p class='ocr_par' dir='ltr' id='par_1_14' title="bbox 0 0 1582 4886">
     <span class='ocr_line' id='line_1_43' title="bbox 0 0 1582 4886; baseline 0 0"><span class='ocrx_word' id='word_1_352' title='bbox 0 0 1582 4886; x_wconf 95' lang='lat' dir='ltr'><strong> </strong></span> 
     </span>
    </p>
   </div>
  </div>
 </body>
</html>
