3062 4896
480 418 566 465 aar.
591 416 687 464 urar.
712 415 782 462 urs.
808 414 906 462 xvu.
927 399 981 464 37.
1189 402 1275 467 2757

186 562 376 643 pruinarum
391 561 509 643 injuria
523 561 642 624 evenit.
685 558 721 623 H
724 579 773 624 aec
787 561 896 622 enim*
912 579 1013 622 veruo
1028 567 1144 643 tepore
1159 562 1276 626 invita-

186 663 230 726 tis
246 669 280 727 et
303 681 477 745 erumpere
492 662 692 727 audentibus
713 663 796 727 satis
820 660 978 726 mollibus
994 662 1151 739 insidens,
1166 663 1276 728 adurit

185 763 401 828 lactescentes
416 765 596 844 germinum
612 761 742 840 oculos,
761 763 853 846 quod
874 763 909 825 in
930 763 1011 826 tlore
1037 765 1276 829 carbunculum

185 871 334 930 vocant·
371 865 527 929 Pruinart
542 865 758 948 perniciosior
773 871 899 941 natura,
922 866 1076 948 quoniam
1092 866 1188 949 lapsa
1203 883 1278 949 per·

185 964 283 1041 sidet,
300 966 468 1048 gelatque,
485 985 524 1030 ac
539 985 579 1030 ne
594 983 675 1030 aura
689 966 825 1047 quidem
841 967 908 1030 nlla
923 967 1107 1049 depellitur,
1118 969 1197 1052 quia
1210 989 1276 1032 non

183 1065 222 1132 fit
235 1067 301 1131 nisi
312 1069 445 1132 immoto
460 1067 538 1132 aiire
553 1074 588 1132 et
599 1087 724 1131 sereno.
768 1068 941 1150 Proprium
954 1077 1087 1132 tamen⁸
1101 1069 1276 1134 sideratio·

183 1169 237 1232 nis
251 1179 315 1246 est,
329 1169 393 1232 snb
410 1176 482 1235 ortu
492 1168 519 1209 ¹⁶
534 1169 658 1233 Canis·
681 1169 870 1234 siccitatum
884 1171 1014 1252 vapor,i
1030 1190 1104 1234 eum
1119 1171 1217 1234 insita
1233 1189 1273 1234 ac

183 1272 325 1336 novellae
340 1273 477 1336 arbores
493 1274 682 1348 moriuntur,
698 1271 870 1354 praecipue
885 1271 981 1349 ficus,
996 1277 1030 1335 et
1045 1272 1140 1335 vites.
1186 1272 1274 1336 Olea

184 1372 325 1457 praeter*
340 1373 657 1450 vermiculationem,
672 1391 773 1454 quam
801 1392 896 1455 aeqne
920 1393 960 1437 ac
974 1372 1060 1437 ficus
1076 1374 1189 1450 sentit,
1205 1375 1275 1438 ela-

182 1495 260 1540 rum
276 1477 375 1540 ctiam
390 1477 527 1559 patitur,
540 1475 612 1538 sive
632 1474 768 1552 fungum
798 1473 906 1557 placet
921 1474 1001 1552 dici,
1014 1476 1067 1539 vel
1079 1475 1274 1556 patellam.¹⁷

185 1575 274 1642 Haec
288 1587 342 1641 est
356 1578 447 1642 Solis
472 1578 620 1640 exustio.
667 1575 801 1641 Nocere
823 1576 923 1639 tradit
945 1575 1054 1640 Cato‘
1078 1581 1111 1640 ct
1125 1595 1274 1641 museum

182 1680 331 1743 rubrum.
373 1679 486 1744 Nocet
507 1677 726 1760 plerumque*¹
751 1678 876 1740 vitibus
900 1683 998 1760 atquo
1021 1679 1103 1742 oleis
1124 1688 1159 1741 et
1173 1679 1276 1744 nimia

182 1779 369 1843 fertilitas¹⁸
414 1780 554 1845 Scabies
574 1778 760 1844 communis
783 1780 927 1843 omniurn
942 1786 1003 1844 est.
1048 1781 1227 1864 Impetigo,
1242 1787 1276 1843 et

184 1899 260 1963 quae
274 1881 411 1944 adnasci
424 1881 541 1957 solent,
556 1880 715 1956 cochlea,
738 1879 923 1960 peculiaria
936 1880 1071 1944 ficorum
1089 1883 1188 1946 vitia:
1212 1900 1274 1945 nec

184 1985 328 2069 ubique:
351 1988 425 2046 sunt
440 1984 526 2045 enim
540 1982 696 2065 quaedam
709 1980 919 2062 aegritudines
935 1987 968 2045 et
979 1983 1154 2047 locorum·

213 2139 328 2218 ..m
341 2182 408 2217 arceo
418 2173 539 2229 turgentes
554 2167 687 2228 gerulum
699 2169 776 2216 amtor
786 2167 877 2230 adurit,
891 2168 952 2232 qaod
962 2166 1055 2231 quidem
1065 2168 1150 2217 vitiam
1160 2184 1212 2219 cum
1226 2171 1272 2234 sta.

181 2248 231 2284 rear
240 2233 610 2295 exmiaenrtuacutaadieitar.
739 2229 850 2280 *carae

182 2482 209 2524 et
221 2472 304 2524 Cbiffl.
315 2487 372 2523 cum
383 2472 442 2522 add.
454 2473 581 2524 Harduin.
594 2481 621 2524 et
634 2481 742 2524 recenti.
771 2479 821 2523 tota
836 2473 1213 2538 coetoGronor.etrulgp.-1e
1231 2481 1272 2530 ιιι

182 2539 258 2588 codd.
278 2538 406 2588 llarduini
428 2547 454 2588 et
474 2536 558 2587 chiffl.
576 2553 643 2588 eum.
661 2539 721 2589 edd.
741 2538 868 2588 Harduin.
881 2540 903 2585 1.
920 2542 944 2586 2.
957 2541 980 2586 s.
993 2545 1019 2586 et
1040 2549 1151 2590 receutt.
1170 2542 1199 2590 ui
1217 2551 1273 2596 orta

183 2603 296 2652 Gronov.
310 2611 337 2652 et
349 2604 498 2662 vulga—li
516 2603 609 2665 Margo
619 2602 679 2652 edd.
698 2603 791 2652 Dalec.
804 2610 830 2650 et
841 2601 955 2650 Gronov·
966 2603 1042 2658 adnm,
1054 2617 1068 2650 e
1080 2603 1272 2666 Tbeopbr.—18

181 2667 224 2716 lta
236 2666 312 2717 codd.
330 2665 466 2722 Harduioi,
485 2667 578 2717 Dalee.
595 2674 623 2717 et
641 2665 723 2716 cutffi.
735 2681 792 2717 crim
805 2664 864 2714 edd.
875 2663 1003 2715 Hardulu.
1018 2671 1040 2716 1.
1051 2669 1075 2715 2.
1089 2671 1112 2716 a.
1121 2677 1148 2717 et
1159 2679 1272 2722 reeentt.

673 2829 782 2882 ΝΟΜ.

180 2951 316 2986 voeamnsr
340 2951 399 2987 eum
415 2935 491 2988 liores
508 2937 616 2994 adrruit,
634 2938 706 2987 ‘ear-
745 2935 877 2999 φθείρουσιν
885 2933 1042 2998 trimanus)
1058 2939 1111 2997 pter
1122 2935 1271 2996 adimat

182 3012 340 3063 bunculum'
373 3013 460 3062 [sttui
488 3012 587 3064 dixere.
619 3014 659 3062 De
681 3015 706 3063 ia
744 3012 770 3062 δὲ
794 3011 888 3073 μύκητα
900 3012 1020 3066 καλοῦσιν,
1042 3011 1096 3060 inm
1116 3011 1142 3060 il
1167 3015 1270 3080 mata,

180 3088 272 3138 tntu.
744 3089 845 3138 rcrirod'
857 3087 923 3137 trab
932 3085 981 3136 aior
990 3087 1059 3146 ἡλίου
1069 3091 1158 3140 miro.

212 3174 226 3200 ¹
244 3166 387 3230 lloeeerirr]
399 3167 608 3218 carbunculatio.
776 3163 887 3212 erratu
918 3163 989 3225 Cato]
1008 3164 1044 3212 Eo
1064 3178 1139 3227 quem
1159 3165 1270 3217 diximus

212 3251 223 3286 r
243 3243 351 3305 Palm]
368 3243 434 3292 Hac
445 3257 460 3292 e
473 3258 530 3292 rnre
550 3243 636 3307 gelido
647 3257 703 3294 nes·
744 3239 802 3288 loeo
814 3238 841 3286 ln
854 3238 931 3287 Notis
943 3245 971 3288 et
983 3239 1093 3288 Emend.
1110 3239 1142 3288 ad
1162 3241 1207 3290 ub.
1220 3255 1268 3291 rr.

179 3319 257 3379 citur,
278 3333 293 3366 a
314 3318 459 3380 perurendo
490 3319 562 3382 qnasi
584 3318 703 3381 perurlna
745 3329 812 3364 num.
829 3318 853 3363 l.
886 3314 976 3362 Tradit
996 3321 1023 3362 et
1042 3315 1184 3364 Columella
1201 3331 1225 3367 v.
1244 3322 1269 3368 9.

179 3394 261 3456 dieta,
272 3393 340 3456 quod
359 3392 447 3456 {roger
459 3401 581 3456 perurat:
598 3407 649 3456 quo
660 3407 703 3456 ge·
744 3399 751 3422 ·
763 3392 916 3454 Plerumque
927 3391 1004 3440 etiem
1021 3390 1083 3440 loeis
1094 3392 1169 3442 aleria
1185 3399 1212 3442 et
1223 3395 1268 3443 bu·

179 3483 243 3518 uere
265 3470 332 3517 vitea
351 3467 553 3519 alternist'erme
578 3469 651 3518 anule
677 3471 703 3517 in
744 3465 819 3516 midia
843 3467 947 3515 arborea
975 3481 1062 3517 museo
1089 3466 1267 3520 infestentur:

179 3546 265 3596 Gallie
295 3544 427 3594 vittantur.
467 3545 504 3594 la
524 3545 609 3606 celte.-
638 3544 705 3606 geta
744 3555 819 3605 quem
831 3541 879 3590 nisi
890 3539 1048 3591 ferramento
1058 3545 1208 3600 resecuerir,
1220 3559 1267 3594 nec

178 3621 282 3670 &nacla
743 3617 866 3680 fructum,
877 3632 925 3667 uec
936 3620 1021 3667 laetam
1032 3617 1148 3668 trondem
1162 3621 1219 3669 olea
1231 3621 1269 3670 ln·

210 3696 366 3758 ¹Prnprinar
387 3693 478 3757 umen]
508 3695 573 3745 llaee
592 3695 702 3745 totidem
743 3693 839 3745 ducet?

177 3773 264 3822 verbis
274 3769 444 3842 'sucophade
454 3773 545 3821 Cauris
559 3785 584 3820 r.
594 3775 634 3822 1⁰.
644 3785 701 3834 pag.
773 3771 786 3806 ⁶
804 3771 880 3820 Nocet
893 3768 1041 3834 pleramque]
1058 3769 1185 3833 Tbecpbr.
1199 3768 1269 3819 ilict.

178 3853 236 3898 ³86.
331 3875 334 3882 ·
743 3861 781 3897 rr.
795 3850 835 3897 te.

209 3921 703 3984 ·a«tmacaaa]1antn.rueo·
775 3920 1160 3984 ⁸1apertgo....ertomm]
1203 3921 1268 3972 liare

179 3999 235 4065 pbr.
252 3999 296 4048 tri
306 3998 401 4062 dorm.
743 3999 829 4047 omnia
844 4013 877 4046 ex
897 3998 1023 4059 Tbsopbr.
1039 3998 1090 4046 lor.
1107 3997 1153 4045 rit.
1170 4011 1267 4048 summa

210 4077 222 4110 Β
239 4077 299 4126 Olea
307 4073 408 4139 prater]
426 4074 493 4124 llaec
507 4073 638 4134 'l'neopbr-
657 4071 701 4122 lib.
743 4072 794 4120 tide
805 4072 924 4120 reddite:
941 4072 968 4119 'lt
979 4069 1004 4120 at
1015 4072 1081 4134 pdpa
1098 4071 1137 4120 urat
1155 4073 1178 4120 ol
1196 4091 1268 4137 rpor-

178 4151 250 4202 Hiat.
265 4163 302 4200 lv.
322 4155 363 4200 lii.
378 4149 406 4198 'li
423 4149 443 4198 δ’
460 4146 529 4198 dania
539 4145 634 4211 rpirrb
647 4145 702 4195 τοὺς
742 4147 968 4210 φυόμσνοικοχλίω,
979 4149 1052 4205 συκῆς
1063 4147 1129 4197 «tab
1140 4149 1266 4198 obvana-

177 4226 304 4287 nrdttprae
316 4222 700 4290 lxen(oltirnir·lma·irba·
741 4223 788 4285 χοῦ
808 4222 847 4274 rai
868 4223 940 4274 roim
966 4222 1089 4285 συμβαίνει
1109 4227 1159 4276 rats
1176 4227 1267 4276 mnata·
