3190 4900
551 385 641 436 uun.
663 383 761 438 urso.
784 385 859 434 nrn.
879 386 946 436 xv.
967 369 1021 434 40.
1240 369 1328 438 2487

235 547 323 594 nova
336 527 476 593 victorio
491 527 615 596 uttnlit.
659 527 769 612 quue
782 547 848 594 non
864 527 946 610 quin
964 533 1129 610 perpetuo
1149 527 1249 606 niret,
1262 547 1325 596 nec

236 631 317 712 quiu
330 629 479 713 pacifere
493 636 557 706 est,
571 627 834 714 (praeterendum
849 625 1010 711 utroque¹
1027 625 1154 712 oleu,)⁴
1169 628 1230 694 sed
1245 630 1325 714 quio

236 731 485 812 spectatissima
511 730 546 792 in
569 735 679 796 moute
703 729 893 794 Parnassos
919 729 1062 811 ideoque
1087 729 1210 792 etium⁵
1233 737 1327 811 grute

236 831 402 914 Apollini,
416 831 561 894 assuetis
576 849 617 893 eo
630 830 718 895 done
731 830 861 896 mittere
869 830 942 912 jum
956 835 990 894 et
1003 831 1136 912 regibus
1153 828 1329 910 Romanis,

237 939 324 994 teste
336 931 374 996 L.
398 931 535 996 Bruto.m
579 929 750 996 Fortassis
765 931 865 996 etium
881 930 1330 1013 inurgnmeutum,quonium

237 1031 286 1096 ibi
306 1027 514 1096 libertatom⁶
536 1030 707 1112 publicum
727 1031 758 1094 is
781 1030 972 1106 meruisset,
996 1029 1212 1095 luuriferumn
1233 1030 1330 1094 tellu-

237 1129 412 1224 rem-illurn
436 1129 611 1194 osculatus
625 1147 670 1192 cx
693 1149 869 1213 responso.
912 1129 956 1192 Et
970 1131 1051 1212 quia
1066 1149 1166 1196 manu
1180 1137 1329 1194 satarum

237 1235 509 1313 receptarumque
523 1230 557 1293 in
574 1227 705 1308 domos,
717 1231 855 1295 fulmine
867 1231 941 1295 solu
953 1250 1017 1295 non
1032 1230 1157 1295 icitur.o
1200 1231 1255 1294 (lb
1269 1229 1330 1294 hus

239 1349 360 1396 causas
386 1331 542 1413 equidem
558 1330 763 1406 crediderim,
778 1331 934 1395 honorem
952 1331 984 1396 ei
1006 1330 1155 1394 habitum
1170 1330 1203 1394 in
1219 1331 1332 1395 trium·

238 1432 314 1514 puis
327 1433 451 1515 potins,
467 1451 566 1514 quam
590 1431 670 1513 quin
690 1431 915 1496 suffimentum
940 1431 985 1494 sit
1008 1431 1111 1496 caedis
1133 1429 1277 1494 hostium
1298 1437 1332 1496 el

239 1532 406 1616 purgatio,
417 1536 455 1596 nt
469 1531 570 1596 tradit
587 1530 781 1596 Masuriusr
825 1529 989 1613 Adeoque
1004 1533 1038 1595 in
1049 1532 1195 1619 prolenis
1209 1532 1329 1596 usibus

239 1632 346 1714 pollui
361 1633 491 1698 laurum
501 1637 535 1697 et
550 1627 659 1696 oleum
678 1631 731 1698 fus
746 1652 814 1697 non
829 1638 894 1709 est,
908 1638 946 1696 ut
961 1652 1002 1696 ue
1017 1631 1242 1714 propitiandis
1256 1634 1329 1716 qni·

240 1731 316 1796 dem
343 1735 535 1798 numinibus
559 1733 698 1800 accendi
720 1752 764 1796 ex
795 1733 848 1796 his
873 1733 1014 1798 ulterior
1046 1749 1154 1797 urseve
1179 1732 1332 1798 debeant.

240 1831 373 1896 Lunum
389 1833 525 1915 quidem
539 1831 742 1897 menifesto⁸
766 1833 899 1898 abdicet
913 1833 1007 1915 ignes
1032 1834 1172 1916 crepitu,
1194 1839 1227 1897 et
1248 1852 1331 1916 quu-

239 1933 317 1996 dem
332 1933 572 1998 detestatione:
595 1934 859 1998 interuueornmq
882 1936 982 1999 etium
997 1936 1078 2000 vitia
1100 1943 1135 2000 et
1158 1947 1330 2000 nervorum

239 2033 332 2114 ligno
347 2041 529 2117 torquente.
574 2034 791 2099 Tiberium⁹¹
812 2035 995 2117 principem
1014 2042 1150 2100 tonante
1174 2035 1261 2101 coelo
1274 2053 1332 2099 co-

243 2134 354 2198 ronari
368 2153 410 2200 eu
424 2135 560 2200 solitum
575 2136 683 2199 ferunt
696 2139 811 2198 contre
826 2134 1000 2199 fulminum
1014 2142 1136 2200 metus.

704 2311 762 2334 uu
764 2311 881 2334 ΙΙΙΙΙΙΙ

245 2429 355 2478 lotitiam
363 2443 447 2478 nouum
457 2429 617 2492 victuique.
629 2429 836 2481 commisce-⁴
857 2431 916 2479 vet.
929 2430 1017 2479 Doleo·
1028 2430 1330 2495 utiquemyrtoetoleo.-
1365 2434 1368 2444 '

244 2499 259 2541 o
277 2492 337 2544 Vet.
354 2494 447 2543 Doleo.
463 2494 591 2542 Pomone.
624 2493 724 2556 Ideoque
736 2495 867 2544 etium—d
885 2493 951 2543 Cod.
971 2495 1061 2544 Delon.
1074 2495 1108 2543 idi
1119 2495 1145 2544 is
1156 2495 1333 2544 libertatem.-

243 2559 257 2604 l
271 2555 313 2605 lte
323 2558 451 2606 Hordnlu.
463 2561 519 2607 la.
528 2561 553 2607 8.
565 2565 592 2606 et
605 2566 714 2606 receutt.
731 2557 988 2607 MmoriueGrouov.
999 2566 1026 2609 et
1039 2559 1071 2608 el.
1083 2566 1143 2608 oute
1155 2559 1333 2608 Hermum—8

244 2619 310 2669 Cod.
323 2621 411 2670 Dulce.
420 2621 602 2680 rennuente-9
615 2621 705 2672 Doleo.
718 2633 732 2670 e
746 2623 836 2672 Dione.
847 2622 919 2671 etium
929 2622 997 2672 uitiis
1007 2622 1104 2687 (celeo,
1114 2622 1210 2688 ormo)
1221 2629 1246 2673 et
1254 2637 1334 2672 norw·

734 2765 846 2817 NOTAE

244 2859 336 2909 excisio
346 2859 476 2923 deponere
488 2859 594 2909 Poeniu'
610 2859 677 2910 ltem
686 2861 770 2914 Julius
811 2861 886 2924 longe
897 2860 961 2909 elius
972 2859 1083 2922 ingenio,
1094 2874 1168 2923 quern
1177 2860 1249 2924 eujm
1259 2860 1336 2912 simu·

244 2934 437 2998 Obsequeuode
445 2934 553 2997 Prodig.
563 2949 586 2984 c.
597 2939 654 2984 lle.
672 2937 770 2985 l’linlns
809 2935 932 2984 lotionem
944 2933 1080 2997 induerem*
1092 2939 1141 2984 &u

244 3012 270 3062 io
282 3011 380 3073 Pnneg.
392 3025 462 3060 uum.
474 3014 499 3062 8.
518 3007 617 3061 Suetius
635 3010 689 3072 Syl.
701 3011 719 3060 l.
731 3025 769 3062 ιν.
843 3009 1032 3072 'mrtth
1058 3008 1139 3074 Atqui
1158 3024 1208 3060 non
1231 3009 1339 3073 Delphi·

243 3087 356 3135 ‘linotet
374 3085 471 3135 Beetrn
490 3086 573 3145 novio,
588 3091 670 3134 restet
684 3086 770 3148 Baby·
810 3100 877 3148 eom,
888 3085 934 3134 red
951 3085 1046 3134 ltelnm
1064 3086 1183 3134 tellurem
1194 3086 1337 3136 osculorum

243 3161 303 3210 lone
314 3160 418 3210 tributis
435 3161 566 3210 Fronori:
586 3161 697 3210 nondum
713 3175 771 3224 gre·
809 3175 867 3212 erse
879 3159 962 3210 refert
974 3161 1082 3223 Dionys.
1092 3161 1178 3212 llelle.
1189 3159 1279 3225 Antiq.
1290 3162 1338 3212 lib.

244 3239 295 3288 mlo
305 3238 378 3290 Jorlo
390 3238 473 3286 ludite
484 3236 590 3286 laurus!
810 3251 850 3286 ru.
862 3251 888 3300 p.
899 3240 958 3286 265.
990 3233 1078 3300 Atque
1095 3236 1121 3285 ld
1136 3233 1222 3286 ferun
1234 3236 1336 3286 oraculo

275 3311 282 3346 ¹
308 3312 422 3376 Utroque]
447 3313 511 3362 Cum
535 3312 636 3376 gemino
657 3325 690 3364 oe
709 3312 771 3362 dote
810 3311 996 3376 congruentior
1011 3309 1071 3373 luit,
1090 3311 1222 3373 imperium
1235 3319 1338 3374 porten-

198 3405 202 3412 ·
245 3387 316 3436 lrnro
328 3389 385 3438 oleo
396 3387 546 3438 antecellet.
810 3387 882 3438 denti
893 3387 917 3437 ci
929 3387 993 3448 viro,
1005 3385 1048 3450 qui
1061 3393 1167 3434 merrom
1181 3386 1252 3447 prior
1263 3399 1337 3435 meu·

277 3468 295 3494 ¹¹
312 3459 443 3522 lnBrote]
471 3463 539 3512 Noto
557 3477 590 3512 ex
610 3461 772 3512 Liriolristo·
810 3465 917 3514 leretur.
948 3461 1001 3512 Sed
1013 3462 1100 3512 Plinio
1110 3462 1199 3511 Livius
1212 3459 1337 3525 suffrago-

246 3535 293 3599 rir,
304 3536 350 3588 lib.
362 3550 381 3586 r.
393 3537 434 3586 ubi
443 3535 476 3586 de
486 3537 627 3602 Tarquinio
636 3537 770 3600 Superbo:
811 3548 864 3598 tur,
876 3542 893 3590 l.
906 3553 926 3588 r.
942 3554 968 3602 p.
978 3543 1019 3590 2⁰.

246 3611 253 3637 ‘
267 3613 416 3662 Dementlco
428 3615 567 3664 exterritus
578 3615 643 3670 viru,
655 3615 772 3678 Delphos
843 3623 855 3650 ⁰
872 3616 930 3666 Solo
940 3630 985 3665 noo
996 3615 1079 3678 icitur]
1095 3614 1127 3664 ld
1140 3614 1271 3664 veteribus
1281 3613 1337 3678 qui·

247 3686 279 3734 ed
292 3687 401 3736 menime
413 3689 537 3750 inclytum
555 3689 581 3738 in
593 3692 670 3740 terrio
682 3704 771 3740 oreon·
812 3692 871 3744 dem
892 3691 1035 3742 creditum:
1063 3698 1140 3752 negat
1163 3689 1335 3740 recentiorum

247 3764 298 3810 lum
309 3763 414 3813 mittere
423 3765 521 3812 sternit.
547 3765 638 3828 Neque
651 3780 774 3829 responso
813 3769 983 3832 experientis.

247 3839 353 3887 sortium
377 3838 420 3886 ulli
443 3838 485 3886 elii
504 3841 666 3890 committere
687 3855 773 3897 nunus,
844 3843 1066 3896 queendieolio
1079 3841 1180 3904 altario]
1204 3841 1336 3892 Vldello·

246 3912 310 3963 duno
322 3911 387 3962 filino
399 3928 444 3976 per
456 3915 557 3975 ignotos
570 3929 601 3964 ee
617 3923 771 3979 tempestate
813 3925 854 3968 tu
865 3927 892 3967 et
903 3917 1011 3967 Emend.
1024 3931 1093 3966 unm.
1105 3921 1146 3966 lu.

249 3997 339 4042 terres.
358 3988 487 4050 ignotiora
503 3987 593 4048 merie,
603 3987 628 4038 in
642 3989 772 4040 Granium
844 3991 1056 4054 olorensem]
1074 3991 1218 4052 nigraque
1230 3989 1337 4051 cortice,

247 4064 326 4114 misit.
335 4063 665 4126 ‘lituoctdruuoprofecti
682 4067 774 4116 Comes
814 4067 835 4116 oi
864 4067 1011 4122 devoretur,
1038 4067 1175 4117 interaneis
1203 4067 1339 4131 nervisque

247 4141 286 4191 hio
306 4142 410 4192 odditus
428 4142 456 4192 la·
474 4139 568 4192 lunius
587 4142 696 4202 Brutos,
713 4143 775 4192 Tor·
815 4143 888 4191 utili:
913 4156 971 4192 unm
989 4142 1100 4193 celeulos
1119 4145 1341 4207 sumpturusque

252 4217 337 4282 quinio
358 4232 445 4267 sorore
469 4216 537 4278 regu
559 4225 646 4282 uetus,
672 4218 777 4283 juvenis
817 4219 1283 4284 proetuqquudicentorxxru.8⁰.
