3166 4894
281 363 368 430 utut
651 373 682 420 c»
707 369 828 418 rururr
852 327 1025 424 suuuuur'

283 527 319 587 et
328 516 444 584 secuti
457 523 534 600 post
548 513 749 578 tricesimum
764 529 899 586 uuuum,
910 509 1014 592 quin‘
1022 507 1094 591 jum
1108 506 1224 570 virium
1237 497 1395 574 ubundu¹

283 619 419 694 hebeat,
435 636 497 680 nec
513 617 556 680 sit
578 615 632 678 sui
650 610 812 678 dimidiu.⁵
857 609 980 673 Omuiu
1003 616 1171 672 suuuulem
1199 607 1376 688 appellau-

282 725 408 784 tessun
424 717 599 791 vocabulo,
614 712 788 778 sacrificiis
798 709 812 750 ⁶
823 712 999 792 epulisque
1016 710 1076 772 rite
1085 711 1146 772 sub
1155 710 1271 772 arbore
1283 727 1377 772 curu·

314 921 326 944 ⁸
345 912 408 968 Quin
418 912 487 960 Luna
497 917 547 959 tum
557 909 618 958 rutis
628 907 714 958 cicitur
725 906 802 960 tatu.
820 919 861 954 nec
870 907 975 970 permit
986 906 1061 954 autur
1075 905 1107 953 ud
1120 904 1244 953 dimidium
1252 903 1291 952 rui
1307 916 1376 964 nung-

282 975 422 1038 ru'lrrtlinem,
432 988 501 1038 quum
511 973 550 1022 die
560 978 652 1022 tuntum
663 971 761 1033 neptium
769 970 845 1041 iubet.

735 1141 922 1164 ‘metuent

282 1294 328 1329 rtur
346 1279 377 1328 n't
395 1278 552 1327 dimidiu-fl
569 1275 632 1326 cod.
651 1276 741 1326 Delec.
759 1277 934 1338 appellentur
952 1275 1068 1324 mundule.
1100 1272 1287 1337 sacrificiu—i
1308 1271 1375 1322 ‘lte

772 1435 882 1487 NOTAE

283 1539 316 1588 mi
329 1541 354 1588 iu
366 1537 453 1586 urbem
466 1535 597 1586 redeuutir
614 1533 751 1598 vertiginm
770 1541 810 1581 ert
849 1547 936 1582 renum
949 1533 1060 1582 nundum
1070 1531 1148 1581 editir
1163 1532 1328 1586 ostendimur,
1341 1533 1375 1582 eb

283 1613 352 1677 apud
371 1611 500 1662 Plinium:
531 1612 557 1660 id
580 1609 648 1676 quud
667 1609 811 1660 certirrimn
848 1607 1152 1658 lrrnriilellbralrnfiliu.
1187 1608 1376 1670 Mnhumrteni,

283 1695 436 1751 argumento
447 1694 496 1741 ert,
508 1686 576 1750 epud
588 1685 686 1748 eosqui
698 1683 810 1733 Plinium
848 1681 1003 1748 ubicumque
1015 1691 1084 1737 sunt,
1095 1682 1192 1732 lrnbeut
1210 1683 1278 1730 illem
1290 1698 1305 1732 e
1317 1683 1375 1731 Me·

283 1771 388 1822 urrruut,
400 1769 428 1811 et
445 1763 544 1824 rcriptn
559 1761 615 1824 ejur
634 1761 811 1824 perlegerunt,
848 1759 949 1808 humere
962 1759 1057 1808 Arabe.
1085 1759 1143 1808 Nun
1156 1767 1193 1806 ert
1207 1757 1275 1820 apud
1295 1757 1373 1808 Arne·

282 1851 333 1886 nnn
346 1835 422 1884 iniere
431 1837 497 1885 huuc
507 1837 608 1898 cyclum
620 1837 740 1884 Romanii
753 1848 811 1894 cog·
848 1835 948 1882 rirenor
958 1835 1032 1895 ullor,
1044 1834 1162 1894 exceptir
1174 1833 1223 1880 illir
1234 1832 1277 1894 qui
1289 1833 1375 1882 Clrrir·

284 1913 376 1960 uitum.
410 1910 477 1961 Quid
497 1910 565 1972 quod
585 1924 633 1958 nec
652 1909 746 1969 Lirim,
763 1908 812 1956 Te·
849 1910 925 1958 timu
935 1909 1014 1958 recrir
1023 1917 1083 1957 eunt
1092 1909 1190 1957 imbuti.
1208 1908 1268 1956 Nou
1277 1915 1318 1980 eet
1328 1907 1374 1957 de·

283 1985 382 2035 citutve
405 1984 430 2033 ln
453 1984 588 2044 Hirturiir,
611 1997 658 2032 uec
679 1984 704 2031 iu
728 1983 811 2030 Fertis
849 1985 926 2046 nique
937 1983 1003 2047 apud
1016 1985 1079 2032 ulier
1097 1989 1187 2045 genter
1205 1998 1264 2046 qun
1284 1997 1373 2031 rerum

284 2059 404 2123 Ovidius,
416 2073 464 2108 nec
482 2074 497 2107 e
514 2058 627 2122 prcirnir
643 2058 811 2121 rcriptnribur
849 2059 934 2108 Deum
954 2072 1003 2106 non
1023 2065 1133 2106 nonunt:
1158 2059 1276 2120 qrreniem
1294 2056 1326 2105 eb
1345 2057 1375 2105 iie

284 2135 337 2188 elii,
357 2133 426 2196 quod
449 2132 552 2196 quidem
574 2133 746 2188 nuncetiam,
765 2147 810 2194 ep·
848 2133 987 2196 quicnlere
1008 2133 1090 2196 iprum
1106 2133 1238 2182 desierunt
1257 2131 1374 2196 abjectus

285 2210 383 2270 pellent
404 2207 473 2256 diem
495 2207 571 2269 Solii,
592 2215 637 2257 eut
662 2207 745 2268 Jorir,
766 2215 811 2256 ent
848 2209 950 2270 reprimi
961 2208 1011 2257 diei
1023 2208 1108 2258 enum
1118 2209 1302 2272 neglectnrque
1313 2215 1373 2258 ert:

283 2284 372 2337 Lude,
385 2290 430 2332 eut
441 2282 543 2337 Mertir,
555 2291 601 2332 eut
616 2283 749 2341 Mercurii,
766 2290 811 2330 nur
847 2296 922 2344 qrrem
942 2284 1121 2346 praecriptum
1141 2283 1173 2332 eb
1188 2297 1220 2332 eu
1239 2281 1318 2333 iniere
1338 2283 1373 2332 cb

282 2357 401 2419 Venerin,
417 2365 462 2405 erit
479 2356 600 2405 Saturni:
626 2357 728 2405 temetri
750 2355 810 2404 Phi·
847 2357 886 2405 rui
899 2357 1224 2421 reverentumpredicm
1236 2368 1344 2421 puerunt
1353 2359 1372 2408 ii

283 2433 365 2481 lenter
380 2434 406 2481 in
425 2432 550 2494 Crtnlugn
569 2431 703 2479 lraereeiunr
723 2439 810 2479 ructo·
848 2429 974 2480 duntexnt
989 2434 1032 2495 qui
1048 2447 1104 2482 eum
1116 2439 1218 2482 norunt.
1258 2421 1383 2482 Sumen-⁸

284 2521 339 2554 rem
361 2505 449 2554 lterum
474 2504 674 2567 appellationum
697 2503 810 2554 Hermen
847 2519 888 2552 ree
904 2506 1045 2556 Sabbatum
1061 2522 1111 2556 ucn
1133 2517 1261 2556 noverunt
1276 2508 1373 2556 Merui·

284 2579 368 2630 fecit?
396 2578 464 2629 Illud
477 2579 579 2643 quidem
593 2579 705 2642 Horatii,
716 2594 745 2629 tr.
756 2581 809 2628 Set.
848 2583 1373 2646 curu,rireClrrietirnum,qunmriennu-

283 2657 308 2703 ³.
325 2658 383 2704 288.
404 2654 446 2703 ubi
466 2663 550 2703 meter
569 2669 645 2704 omne
662 2669 709 2718 pro
727 2654 810 2703 relute
848 2656 1123 2708 nullieecureffirment
1134 2675 1140 2704 ε
1152 2658 1373 2722 redquetuorie'e·

282 2732 358 2794 pueri
376 2729 521 2779 inducitur:
546 2729 675 2793 ‘Jupiter,
693 2731 811 2792 ingentes
848 2739 888 2782 tor
899 2732 955 2781 dier
965 2735 1065 2796 agitent
1076 2735 1101 2782 iu
1115 2735 1255 2788 novilunio,
1266 2743 1293 2782 et
1304 2734 1371 2782 iunre

284 2806 328 2869 qui
340 2805 386 2854 der
398 2805 539 2868 adimitque
553 2804 811 2866 dotorer‚1trateratr
847 2808 1041 2870 quadrantibus.
1069 2808 1166 2858 Scribit
1182 2808 1250 2868 Ulug
1269 2809 1333 2868 Beg,
1345 2809 1372 2856 in

283 2881 358 2944 pueri
370 2893 469 2929 menrer
484 2879 539 2941 jem
556 2881 668 2944 quinque
686 2881 810 2945 cubrutir,
847 2881 912 2930 libro
928 2897 1002 2946 quent
1018 2882 1158 2945 inscripsit,
1173 2881 1311 2937 'l'ruerilrlu
1324 2883 1374 2932 hue

283 2955 389 3018 ungine
400 2957 422 3003 ri
438 2967 544 3018 puerum
562 2963 688 3018 quurtrne
699 2955 810 3018 relique·
847 2964 897 3014 ert,
908 2955 1027 3019 Epnchae,
1040 2957 1133 3004 Petere
1144 2969 1195 3004 nou
1206 2955 1303 3005 hebere
1312 2957 1373 3006 treu-

284 3031 475 3091 rit,illelllene
492 3031 543 3086 die,
554 3045 605 3094 qnn
622 3037 649 3079 tu
663 3030 754 3080 iudicir
768 3031 810 3092 je·
847 3027 984 3078 domeder:
1001 3030 1167 3094 redriugulor
1179 3030 1235 3079 dier
1247 3031 1373 3094 cujusque
1475 3023 1479 3028 ’
1568 3029 1569 3040 ’

280 3105 365 3169 junia,
378 3105 461 3154 nudur
473 3104 503 3152 lu
514 3105 603 3154 Tiberi
613 3103 709 3154 nubit?
743 3104 809 3154 llaec
847 3107 940 3156 menrir
950 3107 1082 3168 appetiere
1093 3105 1197 3169 propriu
1205 3105 1317 3156 nomine.
1336 3107 1374 3156 At

283 3182 387 3244 inqnem
400 3181 478 3230 verbe
489 3181 645 3243 interpreter
655 3181 769 3232 nonnulli
777 3180 809 3231 de
847 3196 879 3230 ex
894 3197 943 3246 qun
957 3180 1131 3231 Mrhnmeteui
1146 3187 1214 3242 runt,
1233 3189 1373 3230 numerent

284 3254 326 3304 die
335 3253 748 3319 Jortrdictucctptunuredune
758 3258 810 3306 ullu
847 3257 937 3306 Perire
951 3255 1007 3304 dier
1021 3255 1198 3316 ltebdcrurdn,
1212 3261 1240 3304 ut
1256 3255 1372 3306 Areber:

284 3329 582 3391 probauttirrgumenn.
614 3331 706 3380 verine
717 3331 810 3395 eliquit
847 3337 875 3380 el
891 3330 960 3378 diem
981 3330 1088 3379 Venerin
1106 3343 1205 3377 encrunr
1223 3328 1324 3387 hebent.
1342 3339 1373 3382 ut

258 3403 335 3456 ‘fuit
347 3406 373 3454 in
385 3411 473 3454 vetere
491 3406 661 3454 Romanorum
679 3405 810 3457 Kelende-
847 3419 892 3456 ucr
911 3406 1082 3456 Dominicnm.
1114 3404 1157 3452 lte
1175 3411 1202 3453 et
1219 3405 1320 3465 Turcn,
1343 3415 1372 3456 ut

284 3482 322 3531 ric
339 3483 403 3542 dier,
417 3481 460 3544 qui
477 3482 556 3532 semel
573 3483 599 3530 in
617 3495 811 3532 ennuuecnrre·
847 3479 1217 3543 diximue,exltlulruruetirmo.
1234 3479 1371 3531 Cetluirni

284 3565 336 3620 ret,
346 3570 397 3621 quc
409 3555 450 3604 die
461 3555 584 3617 scriptum
596 3563 652 3605 eret
663 3557 671 3584 ‘
681 3556 810 3620 Jejuniurn
847 3556 958 3618 denique
969 3562 997 3604 et
1007 3555 1099 3603 Turcae
1111 3554 1249 3603 urientrler
1261 3569 1311 3604 nun
1326 3557 1371 3605 ire·

282 3631 369 3684 Jcriz'
395 3632 463 3680 elcut
483 3638 523 3680 ert
542 3630 610 3694 rpnd
630 3630 735 3680 Judncr
756 3633 811 3682 dier
848 3629 911 3679 beut
926 3628 1104 3689 hebdomader,
1119 3628 1164 3676 red
1182 3631 1283 3692 cyclum
1295 3645 1369 3680 rexe-

284 3705 457 3770 Expleticuir,
477 3703 591 3754 decimu·
608 3705 663 3756 dier
677 3707 754 3764 Tirri,
766 3708 810 3770 je·
848 3707 920 3768 glute
935 3705 1041 3754 dierum.
1073 3704 1209 3754 Cetheirui
1229 3714 1315 3756 tumen
1327 3707 1371 3756 hr-

278 3782 347 3845 junii
360 3782 424 3832 dier.
448 3781 523 3830 Unde
535 3783 623 3842 ethic,
635 3783 810 3846 preterjeju·
849 3781 910 3828 beut
922 3781 999 3829 etiem
1015 3779 1115 3842 cyclum
1135 3780 1244 3828 aiterum
1265 3783 1370 3844 quinde-

284 3857 364 3916 nium,
384 3855 465 3905 veluti
481 3856 614 3918 culparum
642 3856 808 3920 piamentum,
847 3854 1016 3904 cinrdierum.
1048 3853 1115 3902 Vide
1131 3854 1316 3905 Bibliothecem
1333 3857 1370 3906 0·

283 3931 379 3980 leutio
402 3930 475 3992 pueri
496 3932 579 3979 renuti
595 3933 620 3980 in
640 3931 727 3980 Tiberi
748 3931 808 3982 vat
847 3931 922 3979 rient.
955 3927 1124 3980 D'Hcrlrelot.
1146 3943 1172 3991 p.
1189 3932 1245 3978 122.
1264 3937 1292 3979 et
1312 3934 1370 3981 tlt.

284 4005 452 4068 promittitur.
479 4005 557 4068 Apud
570 4007 644 4056 Simu
656 4020 705 4056 nou
717 4014 755 4056 eet
765 4021 809 4070 cy·
845 4005 953 4056 Hebrni
973 4005 1062 4054 dicunt
1081 4005 1188 4067 primum
1206 4006 1316 4066 rabbuti,
1331 4021 1371 4056 re·

284 4079 338 4128 elur
350 4080 394 4128 ille
405 4090 506 4144 reptem
518 4081 625 4130 dierum.
653 4079 730 4144 Apud
744 4081 807 4130 Are·
847 4080 966 4136 cundem,
978 4080 1091 4140 tertium,
1099 4083 1148 4128 dcc.
1164 4081 1250 4130 Letini
1262 4081 1370 4131 Cirrieti·

285 4155 510 4217 nuncupemur,
522 4163 552 4206 ut
568 4157 594 4206 iu
606 4157 674 4208 uutir
686 4157 718 4207 ed
730 4156 808 4211 Alcu-
848 4155 962 4206 euidienr
973 4157 1062 4217 Lunu,
1071 4155 1174 4212 uterus,
1183 4157 1369 4222 Mercurium.
